%                  19  August  2010
%
%%%%%%%%%%%%%%%%%%%%%%%%%%%%%%%%%%%%%%%%%%%%%%%%%%%%%%%%%%%%%%%%%%%%%%%%%%%%%%%%
%%%%%                      JOURNAL PAPERS                                  %%%%%
%%%%%%%%%%%%%%%%%%%%%%%%%%%%%%%%%%%%%%%%%%%%%%%%%%%%%%%%%%%%%%%%%%%%%%%%%%%%%%%%

@article{LTT_2_008,
	author  = {Giannakoglou, K.C. Chaviaropoulos, P. and Papailiou, K.D.},
	title   = {Boundary fitted parameterization of unstructured grids on 
		   arbitrary surfaces},
	journal = {Advances in Engineering Software},
	volume  = {27},
	number  = {1-2},
	year    = {1996},
	pages   = {41-49}
}

@article{LTT_2_009,
	author  = {Giannakoglou, K.C. Chaviaropoulos, P. and Papailiou, K.D.},
	title   = {Boundary fitted parameterization of unstructured grids on 
		   arbitrary surfaces},
	journal = {Advances in Engineering Software},
	volume  = {27},
	number  = {1-2},
	year    = {1996},
	pages   = {41-49}
}

@article{LTT_2_010,
	author  = {Koubogiannis, D.G. and  Giannakoglou, K.C.},
	title   = {A calculation method for compressible flows on a distributed 
		   memory parallel system},
	journal = {Technika Chronika},
	volume  = {16},
	number  = {1-2},
	year    = {1996},
	pages   = {51-64}
}

@article{LTT_2_011,
	author  = {Politis, E.S. and Giannakoglou, K.C.},
	title   = {A pressure based algorithm for high-speed turbomachinery flows},
	journal = {International Journal for Numerical Methods in Fluids},
	volume  = {25},
	number  = {1},
	year    = {1997},
	pages   = {63-80}
}

@article{LTT_2_012,
	author  = {Politis, E.S. and Giannakoglou, K.C. and Papailiou, K.D.},
	title   = {Implicit method for incompressible flow calculations in 
		   three-dimensional ducts and cascades},
	journal = {AIAA Journal},
	volume  = {35},
	number  = {10},
	year    = {1997},
	pages   = {1581-1588}
}

@article{LTT_2_013,
	author  = {Giannakoglou, K.C. and Politis, E.S.},
	title   = {A pressure correction scheme using coupled momentum equations},
	journal = {Numerical Heat Transfer, Part B: Fundamentals},
	volume  = {32},
	number  = {4},
	year    = {1997},
	pages   = {419-435}
}

@article{LTT_2_014,
	author  = {Koubogiannis, D.G. and Pousoulidis, L.C. and Rovas, D.V and 
		   Giannakoglou, K.C.},
	title   = {Solution of flow problems using unstructured grids on 
		   distributed memory platforms},
	journal = {Computer Methods in Applied Mechanics and Engineering},
	volume  = {160},
	number  = {1-2},
	year    = {1998},
	pages   = {89-100}
}

@article{LTT_2_015,
	author  = {Giotis, A.P. and Giannakoglou, K.C.},
	title   = {Low-cost genetic optimization based on inexact 
		   pre-evaluations and the sensitivity analysis of design 
		   parameters},
	journal = {Advances in Engineering Software},
	volume  = {29},
	number  = {2},
	year    = {1998},
	pages   = {129-138}
}

@article{LTT_2_016,
	author  = {Theodoridis, J. and Giannakoglou, K.C. and Stafylopatis, A.},
	title   = {Partitioning of unstructured meshes using Boltzmann machine 
		   neural networks},
	journal = {Advances in Engineering Software},
	volume  = {31},
	number  = {7},
	year    = {2000},
	pages   = {445-451}
}

@article{LTT_2_017,
	author  = {Lambropoulos, N. and Politis, E.S. and Giannakoglou, K.C. and 
		   Papailiou, K.D.},
	title   = {Co-located pressure-correction formulations on unstructured 
		   2-D grids},
	journal = {Computational Mechanics},
	volume  = {27},
	number  = {3},
	year    = {2001},
	pages   = {258-264}
}

@article{LTT_2_018,
	author  = {Giannakoglou, K.C. and Giotis, A.P. and Karakasis, M.K.},
	title   = {Low-cost genetic optimization based on inexact 
		   pre-evaluations and the sensitivity analysis of design 
		   parameters},
	journal = {Inverse Problems in Engineering},
	volume  = {9},
	number  = {4},
	year    = {2001},
	pages   = {389-412}
}

@article{LTT_2_019,
	author  = {Tsourakis, G.I. and Koubogiannis, D.G. and Giannakoglou, K.C.},
	title   = {Transition and heat transfer predictions in a turbine 
		   cascade at various free-stream turbulence intensities 
		   through a one-equation turbulence model},
	journal = {International Journal for Numerical Methods in Fluids},
	volume  = {38},
	number  = {11},
	year    = {2002},
	pages   = {1091-1110}
}

@article{LTT_2_020,
	author  = {Giannakoglou, K.C.},
	title   = {Design of optimal aerodynamic shapes using stochastic 
		   optimization methods and computational intelligence},
	journal = {Progress in Aerospace Sciences},
	volume  = {38},
    	number  = {1},
	year    = {2002},
	pages   = {43-76}
}

@article{LTT_2_021,
	author  = {Koubogiannis, D.G. and Athanassiadis, A.N. and Giannakoglou, K.C.},
	title   = {One- and two-equation turbulence models for the prediction 
    		   of complex cascade flows using unstructured grids},
	journal = {Computers \& Fluids},
	volume  = {32},
	number  = {3},
	year    = {2003},
	pages   = {403-430}
}

@article{LTT_2_022,
	author  = {Fainekos, G.E. and Giannakoglou, K.C.},
	title   = {Inverse design of airfoils based on a novel formulation of 
		   the ant colony optimization method},
	journal = {Inverse Problems in Science and Engineering},
	volume  = {11},
	number  = {1},
	year    = {2003},
	pages   = {21-38}
}

@article{LTT_2_023,
	author  = {Karakasis, M.K. and Giotis, A.P. and Giannakoglou, K.C.},
	title   = {Inexact information aided, low-cost, distributed genetic 
		   algorithms for aerodynamic shape optimization},
	journal = {International Journal for Numerical Methods in Fluids},
	volume  = {43},
	number  = {10-11},
	year    = {2003},
	pages   = {1149-1166}
}

@article{LTT_2_024,
	author  = {Kampolis, I.C. and Karangelos, E.I. and Giannakoglou, K.C.},
	title   = {Gradient-assisted radial basis function networks: theory 
		   and applications},
	journal = {Applied Mathematical Modelling},
	volume  = {28},
	number  = {13},
	year    = {2004},
	pages   = {197-209}
}

@article{LTT_2_025,
	author  = {Lambropoulos, N.K. and Koubogiannis, D.G. and Giannakoglou, K.C.},
	title   = {Acceleration of a {N}avier-{S}tokes equation solver for 
		   unstructured grids using agglomeration multigrid and 
		   parallel processing},
	journal = {Computer Methods in Applied Mechanics and Engineering},
	volume  = {193},
	number  = {9-11},
	year    = {2004},
	pages   = {781-803}
}

@article{LTT_2_026,
	author  = {Kampolis, I.C. and Papadimitriou, D.I. and Giannakoglou, K.C.},
	title   = {Evolutionary optimization using a new radial basis function 
		   network and the adjoint formulation},
	journal = {Inverse Problems in Science and Engineering},
	volume  = {14},
	number  = {4},
	year    = {2006},
	pages   = {397-410}
}

@article{LTT_2_027,
	author  = {Emmerich, M. and Giannakoglou ,K.C. and Naujoks, B.},
	title   = {Single- and multi-objective evolutionary optimization 
		   assisted by {G}aussian random field metamodels},
	journal = {IEEE Transactions on Evolutionary Computation},
	volume  = {10},
	number  = {4},
	year    = {2006},
	pages   = {421-439}
}

@article{LTT_2_028,
	author  = {Giannakoglou, K.C. and Papadimitriou, D.I. and Kampolis, I.C.},
	title   = {Aerodynamic shape design using evolutionary algorithms and 
		   new gradient-assisted metamodels},
	journal = {Computer Methods in Applied Mechanics and Engineering},
	volume  = {195},
	number  = {44-47},
	year    = {2006},
	pages   = {6312-6329}
}

@article{LTT_2_029,
	author  = {Karakasis, M.K. and Giannakoglou, K.C.},
	title   = {On the use of metamodel-assisted, multi-objective 
		   evolutionary algorithms},
	journal = {Engineering Optimization},
	volume  = {38},
	number  = {8},
	year    = {2006},
	pages   = {941-957}
}

@article{LTT_2_030,
	author  = {Papadimitriou, D.I. and Giannakoglou, K.C.},
	title   = {A continuous adjoint method with objective function 
		   derivatives based on boundary integrals for inviscid and 
		   viscous flows},
	journal = {Computers \& Fluids},
	volume  = {36},
	number  = {2},
	year    = {2007},
	pages   = {325-341}
}

@article{LTT_2_031,
	author  = {Karakasis, M.K. and Koubogiannis, D.G. and Giannakoglou, K.C.},
	title   = {Hierarchical distributed evolutionary algorithms in shape 
		   optimization},
	journal = {International Journal for Numerical Methods in Fluids},
	volume  = {53},
	number  = {3},
	year    = {2007},
	pages   = {455-469}
}

@article{LTT_2_032,
	author  = {Papadimitriou, D.I. and Giannakoglou, K.C.},
	title   = {Total pressure loss minimization in turbomachinery cascades 
		   using a new continuous adjoint formulation},
	journal = {Proceedings of the Institution of Mechanical Engineers, Part A: Journal of Power and Energy},
	volume  = {221},
	number  = {6},
	year    = {2007},
	pages   = {865-872}
}

@article{LTT_2_033,
	author  = {Papadimitriou, D.I. and Giannakoglou, K.C.},
	title   = {Direct, adjoint and mixed approaches for the computation of 
		   {H}essian in airfoil design problems},
	journal = {International Journal for Numerical Methods in Fluids},
	volume  = {56},
	number  = {10},
	year    = {2008},
	pages   = {1929-1943}
}

@article{LTT_2_034,
	author  = {Asouti, V.G. and Zymaris, A.S. and Papadimitriou, D.I. and 
		   Giannakoglou, K.C.},
	title   = {Continuous and discrete adjoint approaches for aerodynamic 
		   shape optimization with low {Mach} number preconditioning},
	journal = {International Journal for Numerical Methods in Fluids},
	volume  = {57},
    	number  = {10},
	year    = {2008},
	pages   = {1485-1504}
}

@article{LTT_2_035,
	author  = { Papadimitriou, D.I. and Giannakoglou, K.C.},
	title   = {Computation of the {H}essian matrix in aerodynamic inverse 
		   design using continuous adjoint formulations},
	journal = {Computers \& Fluids},
	volume  = {37},
   	number  = {8},
	year    = {2008},
	pages  = {1029-1039}
}

@article{LTT_2_036,
	author  = {Kampolis, I.C. and Giannakoglou, K.C.},
	title   = {A multilevel approach to single- and multiobjective 
		   aerodynamic optimization},
	journal = {Computer Methods in Applied Mechanics and Engineering},
	volume  = {197},
 	number  = {33-40},
	year    = {2008},
	pages   = {2963-2975}
}

@article{LTT_2_037,
	author  = {Liakopoulos, P.I.K. and Kampolis, I.C. and Giannakoglou, K.C.},
	title   = {Grid-enabled, hierarchical distributed metamodel-assisted 
		   evolutionary algorithms for aerodynamic shape optimization},
	journal = {Future Generation Computer Systems},
	volume  = {24},
    	number  = {7},
	year    = {2008},
	pages   = {701-708}
}

@article{LTT_2_038,
	author  = {Papadimitriou, D.I. and Giannakoglou, K.C.},
	title   = {Aerodynamic shape optimization using adjoint and direct 
		   approaches},
	journal = {Archives of Computational Methods in Engineering },
	volume  = {15},
    	number  = {4},
	year    = {2008},
	pages   = {447-488}
}

@article{LTT_2_039,
   	author  = {Georgopoulou, C.A. and Giannakoglou, K.C.},
	title   = {Two-level, two-objective evolutionary algorithms for solving 
		   unit commitment problems},
	journal = {Applied Energy},
   	volume  = {86},
   	number  = {7-8},
   	year    = {2009},
   	pages   = {1229-1293},
}

@article{LTT_2_040,
   	author  = {Asouti, V.G. and Giannakoglou, K.C.},
   	title   = {Aerodynamic optimization using a parallel asynchronous 
		   evolutionary algorithm controlled by strongly interacting 
		   demes},
   	journal = {Engineering Optimization},
   	volume  = {41},
   	number  = {3},
   	year    = {2009},
   	pages   = {241-257},
}

@article{LTT_2_041,
   	author  = {Zymaris, A.S. and Papadimitriou, D.I. and Giannakoglou, K.C. and Othmer, C.},
   	title   = {Continuous Adjoint Approach to the Spalart-Allmaras 
		   Turbulence Model for Incompressible Flows},
   	journal = {Computers \& Fluids},
   	volume  = {38},
   	number  = {8},
   	year    = {2009},
   	pages   = {1528-1538}
}

@article{LTT_2_042,
   	author  = {Papadimitriou, D.I. and Giannakoglou, K.C.},
	title   = {The continuous direct-adjoint approach for second order 
		   sensitivities in viscous aerodynamic inverse design problems},
   	journal = {Computers \& Fluids},
   	volume  = {38},
   	number  = {8},
   	year    = {2009},
   	pages   = {1539-1548},
}

@article{LTT_2_043,
   	author  = {Georgopoulou, C.A. and Giannakoglou, K.C.},
	title   = {A Multi-Objective Metamodel-Assisted Memetic Algorithm with 
		   Strength-based Local Refinement},
   	journal = {Engineering Optimization},
   	volume  = {41},
   	number  = {10},
   	year    = {2009},
   	pages   = {909-923}
}

@article{LTT_2_044,
   	author  = {Kampolis, I.C. and Giannakoglou, K.C.},
   	title   = {Distributed Evolutionary Algorithms with Hierarchical 
		   Evaluation, Engineering Optimization},
   	journal = {Engineering Optimization},
   	volume  = {41},
   	number  = {11},
   	year    = {2009},
   	pages   = {1037-1049}
}

@article{LTT_2_045,
   	author  = {Asouti, V.G. and Kampolis, I.C. and Giannakoglou, K.C.},
   	title   = {A Grid-Enabled Asynchronous Metamodel-Assisted Evolutionary 
		   Algorithm for Aerodynamic Optimization},
   	journal = {Genetic Programming and Evolvable Machines 
		   (SI:Parallel and Distributed Evolutionary Algorithms, Part One)},
   	volume  = {10},
   	number  = {3},
   	year    = {2009},
   	pages   = {373-389}
}

@article{LTT_2_046,
	author  = {Georgopoulou, C.A and Giannakoglou, K.C.},
	title   = {Metamodel-Assisted Evolutionary Algorithms for the Unit 
		   Commitment Problem with Probabilistic Outages}, 
	journal = {Applied Energy},
   	volume  = {87},
   	number  = {5},
	year    = {2010},
   	pages   = {1782-1792}
}

@article{LTT_2_047,
	author  = {Kampolis, I.C. and Trompoukis, X.S. and Asouti, V.G and 
		   Giannakoglou, K.C.},
	title   = {{CFD}-based analysis and two-level aerodynamic optimization 
		   on Graphics Processing Units}, 
	journal = {Computer Methods in Applied Mechanics and Engineering},
	volume  = {199},
	number  = {9-12},
	year    = {2010},
	pages   = {712-722}
}

@article{LTT_2_048,
   	author  = {Zymaris, A.S. and Papadimitriou, D.I. and Giannakoglou, K.C. and Othmer, C.},
   	title   = {Adjoint wall functions: {A} new concept for use in 
		   aerodynamic shape optimization},
   	journal = {Journal of Computational Physics},
   	volume  = {229},
   	number  = {13},
   	year    = {2010},
   	pages   = {5228-5245}
}

@article{LTT_2_049,
	author  = {Zervogiannis, T. and Papadimitriou, D.I. and Giannakoglou, K.C.},
	title   = {Total pressure losses minimization in turbomachinery cascades using the exact Hessian},
	journal = {Computer Methods in Applied Mechanics and Engineering},
	volume  = {199},
    	number  = {41-44},
	year    = {2010},
	pages   = {2697-2708}
}

@article{LTT_2_050,
	author  = {Kampolis, I.C. and Giannakoglou, K.C.},
	title   = {Synergetic use of different evaluation, parameterization 
		   and search tools within a multilevel optimization platform}, 
	journal = {Applied Soft Computing},
	volume  = {11},
	number  = {1},
	year    = {2011},
	pages   = {645-651}
}

@article{LTT_2_051,
	author  = {Asouti, V.G. and Trompoukis, X.S. and Kampolis, I.C. and Giannakoglou, K.C.},
	title   = {Unsteady {CFD} computations using vertex-centered finite 
		   volumes for unstructured grids on {G}raphics {P}rocessing 
		   {U}nits},
	journal = {International Journal for Numerical Methods in Fluids},
	volume  = {67},
    	number  = {2},
	year    = {2011},
	pages   = {232-246}
}

@article{LTT_2_052,
	author  = {Papadimitriou, D.I. and Giannakoglou, K.C.},
	title   = {Aerodynamic design using the truncated Newton algorithm and 
		   the continuous adjoint approach},
	journal = {International Journal for Numerical Methods in Fluids},
	volume  = {doi:10.1002/fld.2530},
    	number  = {-},
	year    = {2011},
	pages   = {-}
}

@article{LTT_2_053,
	author  = {Kontoleontos, E.A and Asouti, V.G. and Giannakoglou, K.C.},
	title   = {An asynchronous metamodel-assisted memetic algorithm for CFD-based 
		   shape optimization},
	journal = {Engineering Optimization},
	volume  = {44},
    	number  = {2},
	year    = {2012},
	pages   = {157-173}
}

@article{LTT_2_054,
   	author  = {Kyriacou, S.A. and Weissenberger, S. and Giannakoglou, K.C.},
   	title   = {Design of a matrix hydraulic turbine using a metamodel-assisted 
		   evolutionary algorithm with PCA-driven evolution operators},
   	journal = {International Journal of Mathematical Modelling and Numerical 
		   Optimization (SI:Simulation-Based Optimization Techniques for 
		   Computationally Expensive Engineering Design Problems)},
   	volume  = {},
   	number  = {},
   	year    = {2011},
   	pages   = {}
}

@article{LTT_2_055,
   	author  = {Papoutsis-Kiachagias, E.M. and Papadimitriou D.I 
		   and Giannakoglou, K.C.},
   	title   = {Robust design in aerodynamics using 3rd-Order sensitivity 
		   analysis based on discrete adjoint. Application to quasi-1D flows},
   	journal = {International Journal for Numerical Methods in Fluids},
   	volume  = {},
   	number  = {-},
   	year    = {2011},
   	pages   = {-}
}

@article{LTT_2_056,
   	author  = {Asouti, V.G. and Giannakoglou, K.C.},
   	title   = {A Low-Cost Evolutionary Algorithm for the Unit Commitment 
		   Problem Considering Probabilistic Outages},
   	journal = {International Journal of Systems Science (SI: Computational 
		   Intelligence in the Presence of Uncertainties)},
   	volume  = {},
   	number  = {-},
   	year    = {2011},
   	pages   = {-}
}

%%%%%%%%%%%%%%%%%%%%%%%%%%%%%%%%%%%%%%%%%%%%%%%%%%%%%%%%%%%%%%%%%%%%%%%%%%%%%%%%
%%%%%                        CHAPTERS IN BOOKS                             %%%%%
%%%%%%%%%%%%%%%%%%%%%%%%%%%%%%%%%%%%%%%%%%%%%%%%%%%%%%%%%%%%%%%%%%%%%%%%%%%%%%%%

@inbook{LTT_4_01,
	author    = {Nikolaou, I.G. and Giannakoglou, K.C.},
	booktitle = {Advances in Fluid Mechanics},
	chapter   = {3},
	title     = {Calculation of Complex Turbomachinery Flows Using the k-e 
		     Turbulence Model Calculation of Complex Turbulent Flows},
	publisher = {WIT Press},
	editor    = {Tzambiras, G.},
	year      = {2000}
}

@inbook{LTT_4_02,
	author    = {Giannakoglou, K.C.},
	booktitle = {Evolutionary Algorithms and Intelligent Tools in 
		     Engineering Optimization},
	title     = {Cost-Effective Metamodel-Assisted Evolutionary Algorithms},
	publisher = {CIMNE Series of Handbooks},
	editor    = {Annicchiarico, W. and Periaux, J. and Cerrolaza, M. and 
		     Winter, G.},
	year      = {2005}
}

@inbook{LTT_4_03,
	author    = {Giannakoglou, K.C. and Papadimitriou, D.I.},
	booktitle = {Optimization and Computational Fluid Dynamics},
	chapter   = {4},
	title     = {Adjoint Methods for Shape Optimization},
	publisher = {Springer-Verlag Berlin Heidelberg},
	editor    = {Thevenin, D. and Janiga, G.},
	year      = {2008}
}

@inbook{LTT_4_04,
	author    = {Georgopoulou, C.A. and Giannakoglou, K.C.},
	booktitle = {Studies in Computational Intelligence},
	title     = {Multiobjective Metamodel-Assisted Memetic Algorithms},
	publisher = {Springer Series},
	editor    = {Goh, C.K. and Chen, K. and Young, Y.S.},
	year      = {2009}
}

@inbook{LTT_4_05,
	author    = {Giannakoglou, K.C. and Kampolis, I.C.},
	booktitle = {Computational Intelligence in Expensive Optimization 
		     Problems},
	chapter   = {3},
	title     = {Multilevel Optimization Algorithms based on Metamodel- 
		     and Fitness Inheritance-Assisted Evolutionary Algorithms.},
	publisher = {Springer-Verlag},
	editor    = {Tenne, Y. and Goh, C.K.},
	year      = {2009}
}

@inbook{LTT_4_06,
	author    = {Trompoukis, X.S. and Asouti, V.G. and Kampolis, I.C. and 
		     Giannakoglou, K.C.},
	title     = {CUDA implementation of Vertex-Centered, Finite Volume CFD methods 
		     on Unstructured Grids with Flow Control Applications},
	booktitle = {GPU Computing Gems, Jade Edition},
	chapter   = {17},
	publisher = {Morgan Kaufmann},
	editor    = {Wei-mei Hwu},
	year      = {2011}
}

%%%%%%%%%%%%%%%%%%%%%%%%%%%%%%%%%%%%%%%%%%%%%%%%%%%%%%%%%%%%%%%%%%%%%%%%%%%%%%%%
%%%%%                        CONFERENCE PAPERS                             %%%%%
%%%%%%%%%%%%%%%%%%%%%%%%%%%%%%%%%%%%%%%%%%%%%%%%%%%%%%%%%%%%%%%%%%%%%%%%%%%%%%%%


@misc{LTT_3_048,
    author = {Giannakoglou, K.C.},
    title = {Designing turbomachinery blades using evolutionary methods},
    howpublished = {ASME Paper 99-GT-181, 44th ASME Gas Turbine \& Aeroengine Congress, Indianapolis, IN, USA},
    month = {June},
    year = {1999}
}

@inproceedings{LTT_3_050,
    author = {Giotis, A.P. and Giannakoglou, K.C.},
    title = {Single- and multi-objective airfoil design using genetic algorithms and artificial intelligence},
    booktitle = {EUROGEN 99, Evolutionary Algorithms in Engineering and Computer Science},
    month = {May},
    year = {1999},
    address = {Jyv{\{a}skyl\{a}}, Finland}
}

@inproceedings{LTT_3_054,
    author = {Giotis, A.P.  and Giannakoglou, K.C. and P\'{e}riaux, J.},
    title = {A reduced-cost multi-objective optimization method based on the {P}areto front technique, neural networks and {PVM}},
    booktitle = {European Congress on Computational Methods in Applied Sciences and Engineering -- ECCOMAS 00},
    address = {Barcelona, Spain},
    month = {September},
    year = {2000}
}

@misc{LTT_3_062,
    author = {Bonataki, E.T. and Giannakoglou, K.C.},
    title = {An automated tool for single- and multi-objective optimization for designing combined cycle gas turbine power plants},
    howpublished = {4th GRACM, Conference on Computational Mechanics, Patras, June 2002}
}

@inproceedings{LTT_3_064,
    author = {Emmerich, M. and Giotis, A. and Ozdemir, M. and B\"{a}ck T. and Giannakoglou, K.C.},
    title = {Metamodel-assisted evolution strategies},
    booktitle = {Parallel Problem Solving from Nature -- PPSN VII},
    year = {2002},
    pages = {361-370},
    publisher = {Springer},
    address= {Granada, Spain}
}


@misc{LTT_3_066,
    author = {Bonataki, E.T. and Giotis, A.P.  and Georgopoulou, C.A. and Giannakoglou, K.C.},
    title = {Multi-objective design of optimal combined cycle power plants with supplementary firing},
    howpublished = {EUROGEN 03, Evolutionary Methods for Design, Optimization and Control with Applications to Industrial Problems, Barcelona, September 2003},
    kwds = {}
}

@misc{LTT_3_069,
    author = {Bonataki, E.T. and Georgoulis, L.S. and Georgopoulou, C.A. and Giannakoglou, K.C.},
    title = {Optimal design of combined cycle power plants based on gas turbine performance data},
    howpublished = {ERCOFTAC 04, Design Optimization: Methods \& Applications, Athens, March-April 2004},
    kwds = {}
}

@misc{LTT_3_075,
    author = {Karakasis, M.K. and Giannakoglou, K.C.},
    title  = {Metamodel-assisted multi-objective evolutionary optimization},
    howpublished = {EUROGEN 05, Evolutionary and Deterministic Methods for Design, Optimization and Control with Applications to Industrial and Societal Problems, Munich, September 2005},
    kwds = {}
}
@misc{LTT_3_077,
    author = {Bonataki, E.T. and Giannakoglou, K.C.},
    title = {Preliminary design of optimal combined cycle power plants through evolutionary algorithms},
    howpublished = {EUROGEN 05, Evolutionary and Deterministic Methods for Design, Optimization and Control with Applications to Industrial and Societal Problems, Munich, September 2005},
    kwds = {}
}

@misc{LTT_3_089,
    author = {Georgopoulou, C.A. and Giannakoglou, K.C.},
    title = {Solutions to the unit commitment problem using two-level evolutionary algorithms},
    howpublished = {EUROGEN 07, Evolutionary and Deterministic Methods for Design, Optimization and Control with Applications to Industrial and Societal Problems, Jyvaskyla, June 2007},
    kwds = {}
}

@inproceedings{LTT_3_091,
    author = {Georgopoulou, C.A. and Giannakoglou, K.C.},
    title = {A two-level method for solving power generating unit commitment problems},
    booktitle = {Power Tech},
    year = {2007},
    pages = {1326-1331},
    publisher = {IEEE}
}

@inproceedings{LTT_3_092,
    author = {Kampolis, I.C. and Zymaris, A.S. and Asouti, V.G. and Giannakoglou, K.C.},
    title = {Multilevel optimization strategies based on metamodel-assisted evolutionary algorithms, for computationally expensive problems},
    booktitle = {2007 Congress on Evolutionary Computation -- CEC '07},
    address = {Singapore},
    month = {September},
    year = {2007},
    kwds = {}
}

@inproceedings{LTT_3_094,
    author = {Georgopoulou, C.A. and Kyriacou, S.A. and Giannakoglou, K.C. and Grafenberger, P. and Parkinson, E.},
    title = {Constrained multi-objective design optimization of hydraulic components using a hierarchical metamodel assisted evolutionary algorithm. {P}art 1: theory},
    howpublished = {24th IAHR, Symposium on Hydraulic Machinery and Systems, Foz do Iguassu, October 2008},
    kwds = {}
}

@inproceedings{LTT_3_095,
	author    = {Grafenberger, P. and Parkinson, E. and Georgopoulou, C.A. and 
		     Kyriacou, S.A. and Giannakoglou, K.C.},
	title     = {Constrained multi-objective design optimization of hydraulic 
		     components using a hierarchical metamodel assisted evolutionary 
		     algorithm. {P}art 2: applications},
	booktitle = {24th IAHR, Symposium on Hydraulic Machinery and Systems},
	editor	  = {},
	address   = {Foz do Iguassu}, 
	month     = {October}, 
	year      = {2008},
	pages	  = {}
}


@inproceedings{LTT_3_104,
	author    = {Skouteropoulou, I.A. and Kyriacou, S.A. and Asouti, V.G. 
		     and Giannakoglou, K.C. and Weissenberger, S. and 
		     Grafenberger, P. },
	title     = {Design of a Hydromatrix turbine runner using an 
		     Asynchronous Algorithm on a Multi-Processor Platform},
	booktitle = {7th GRACM, International Congress on Computational Mechanics},
	editor	  = {},
	address   = {Athens}, 
	month     = {30 June-2 July}, 
	year      = {2011},
	pages	  = {}
}




%%%%%%%%%%%%%%%%%%%%%%%%%%%%%%%%%%%%%%%%%%%%%%%%%%%%%%%%%%%%%%%%%%%%%%%%%%%%%%%%
%%%%%                        V.K.I. LECTURE SERIES                         %%%%%
%%%%%%%%%%%%%%%%%%%%%%%%%%%%%%%%%%%%%%%%%%%%%%%%%%%%%%%%%%%%%%%%%%%%%%%%%%%%%%%%

@incollection{LTTVKI00a,
	author  = {Giannakoglou, K.C.},
	title   = {Acceleration of genetic algorithms using artificial neural 
		   networks - {T}heoretical background},
	booktitle = {Genetic Algorithms for Optimization in Aeronautics and 
		     Turbomachinery},
	month   = {May},
	year    = {2000},
	address = {Rhode--St--Gen\'ese, Belgium},
	series  = {Lecture Series},
	publisher = {von Karman Institute}
}

@incollection{LTTVKI00b,
	author  = {Giannakoglou, K.C. and Giotis, A.P.},
	title   = {Acceleration of genetic algorithms using artificial 
		   neural networks - {A}pplication of the method},
	booktitle = {Genetic Algorithms for Optimization in Aeronautics and 
		     Turbomachinery},
	month   = {May},
	year    = {2000},
	address = {Rhode--St--Gen\'ese, Belgium},
	series  = {Lecture Series},
	publisher = {von Karman Institute}
}

@incollection{LTTVKI04a,
	author  = {Giannakoglou, K.C.},
	title   = {Neural network assisted evolutionary algorithms for 
		   aeronautics and turbomachinery},
	booktitle = {Numerical Optimization Methods \& Tools for 
		     Multi-criteria, Multi-Disciplinary Design with 
		     applications to Aeronautics and Turbomachinery},
	month   = {November},
	year    = {2004},
	address = {Rhode--St--Gen\'ese, Belgium},
	series  = {Lecture Series},
	publisher = {von Karman Institute}
}

@incollection{LTTVKI04b,
	author  = {Giannakoglou, K.C. and Papadimitriou, D.I. and Kampolis, I.C.},
	title   = {Coupling evolutionary algorithms, surrogate models and 
		   adjoint methods in inverse design and optimization problems},
	booktitle = {Numerical Optimization Methods \& Tools for 
		     Multi-criteria, Multi-Disciplinary Design with 
		     applications to Aeronautics and Turbomachinery},
	month   = {November},
	year    = {2004},
	address = {Rhode--St--Gen\'ese, Belgium},
	series  = {Lecture Series},
	publisher = {von Karman Institute}
}

@incollection{LTTVKI06a,
	author  = {Giannakoglou, K.C. and Karakasis, M.K.},
	title   = {Hierarchical and distributed metamodel-assisted 
		   evolutionary algorithms},
	booktitle = {Introduction to Optimization and Multidisciplinary 
		     Design - Applications to Aeronautics and Turbomachinery},
	month   = {March},
	year    = {2006},
	address = {Rhode--St--Gen\'ese, Belgium},
	series  = {Lecture Series},
	publisher = {von Karman Institute}
}

@incollection{LTTVKI06b,
	author  = {Giannakoglou, K.C. and Papadimitriou, D.I.},
	title   = {Formulation and application of the continuous adjoint 
		   method in aerodynamics and turbomachinery},
	booktitle = {Introduction to Optimization and Multidisciplinary 
		     Design - Applications to Aeronautics and Turbomachinery},
	month   = {March},
	year    = {2006},
	address = {Rhode--St--Gen\'ese, Belgium},
	series  = {Lecture Series},
	publisher = {von Karman Institute}
}

@incollection{LTTVKI08a,
	author  = {Giannakoglou, K.C. and Kampolis, I.C. and Georgopoulou, C.A.},
	title   = {Metamodel-assisted evolutionary algorithms (\mbox{MAEAs})},
	booktitle = {Introduction to Optimization and Multidisciplinary 
		     Design in Aeronautics and Turbomachinery},
	month   = {June},
	year    = {2008},
	address = {Rhode--St--Gen\'ese, Belgium},
	series  = {Lecture Series},
	publisher = {von Karman Institute}
}

@incollection{LTTVKI08b,
	author  = {Giannakoglou, K.C. and Papadimitriou, D.I. and Kampolis, I.C.},
	title   = {Hybridized adjoint methods - evolutionary algoriths \& 
		   applications to turbomachinery},
	booktitle = {Introduction to Optimization and Multidisciplinary Design 
		     in Aeronautics and Turbomachinery},
	month   = {June},
	year    = {2008},
	address = {Rhode--St--Gen\'ese, Belgium},
	series  = {Lecture Series},
	publisher = {von Karman Institute}
}

@incollection{LTTVKI10a,
	author  = {Giannakoglou, K.C. and Papadimitriou, D.I.},
	title   = {Continuous adjoint method for first- and second-order 
		   sensitivities in aerodynamic shape optimization},
	booktitle = {Introduction to Optimization and Multidisciplinary 
		     Design in Aeronautics and Turbomachinery},
	month   = {June},
	year    = {2010},
	address = {Rhode--St--Gen\'ese, Belgium},
	series  = {Lecture Series},
	publisher = {von Karman Institute}
}

@incollection{LTTVKI10b,
	author  = {Giannakoglou, K.C. and Asouti, V.G. and Kampolis, I.C.},
	title   = {Hierarchical, metamodel-assisted evolutionary algorithms},
	booktitle = {Introduction to Optimization and Multidisciplinary 
		     Design in Aeronautics and Turbomachinery},
	month   = {June},
	year    = {2010},
	address = {Rhode--St--Gen\'ese, Belgium},
	series  = {Lecture Series},
	publisher = {von Karman Institute}
}


%%%%%%%%%%%%%%%%%%%%%%%%%%%%%%%%%%%%%%%%%%%%%%%%%%%%%%%%%%%%%%%%%%%%%%%%%%%%%%%%
%%%%%                        THE EASY SOFTWARE                             %%%%%
%%%%%%%%%%%%%%%%%%%%%%%%%%%%%%%%%%%%%%%%%%%%%%%%%%%%%%%%%%%%%%%%%%%%%%%%%%%%%%%%

@misc{EASYsite,
	author = {Giannakoglou, K.C.},
	howpublished = {The \mbox{EASY} ({E}volutionary {A}lgorithms {SY}stem) 
		        software, \mbox{http://velos0.ltt.mech.ntua.gr/EASY}},
	year = {2008}
}
