@article{Herr1999,
    author="Herrera, F. and Lozano, M. and Moraga, C.",
    title="Hierarchical distributed genetic algorithms",
    journal="International Journal of Intelligent Systems",
    volume="14",
    number="9",
    pages="1099--1121",
    year="1999"
}

@inproceedings{Desid2003,
        author = "D\'{e}sid\'{e}ri, J.-A. and Janka, A.",
        title = "Hierarchical Parametrization for Multilevel Evolutionary Shape
        Optimization with Application to Aerodynamics",
        booktitle = "EUROGEN 2003, Evolutionary Methods for Design,
        Optimisation and Control with Applications to Industrial Problems",
        year = "2003",
        address ="Barcelona (Spain)"
}

@incollection{Sefr2000,
        author={Sefrioui, M. and P\'{e}riaux, J.},
        title={A hierarchical genetic algorithm using multiple models
        for optimization},
        booktitle={6th international conference on
                   parallel problem solving from nature (PPSN VI).
                   Lecture Notes in Computer Science},
        editor={Schoenauer, M. and Deb, K. and et al.},
        volume={1917},
        pages={879-888},
        year={2000},
        address={Paris},
        publisher={Springer-Verlag}
}

@article{Ong2003a,
    author = {Ong, Y. S. and Nair, P. B. and Keane, A. J.},
    title = {Evolutionary Optimization of Computationally Expensive Problems
        via Surrogate Modeling},
    journal = {AIAA Journal},
    volume = {41},
    number = {4},
    pages = {687--696},
    year = {2003}
}

@inproceedings{Ong2003b,
    author = {Ong, Y. S. and Lum, K. Y. and Nair, P. B. and Shi, D. M. and Zhang, Z. K.},
    title = {Global Convergence of Unconstrained And Bound Constrained
        Surrogate-Assisted Evolutionary Search In Aerodynamic Shape Design},
    booktitle = {2003 Congress on Evolutionary Computation -- CEC '03},
    pages = {1856--1863},
    volume = {3},
    address = {Canberra, Australia},
    year = {2003}
}

@article{Melab2006,
        author = {Melab, N. and Cahon, S. and Talbi, E-G.},
        title = {Grid computing for parallel bioinspired algorithms},
        journal = {Journal of Parallel and Distributed Computing},
        volume = {66},
        number = {8},
        year  = {2006},
        pages = {1052--1061}
}

@article{Lim2007,
    author = {Lim, D. and Ong, Y.-S.  and Jin, Y.  and Sendhoff, B. and Lee, B.-S.},
    title = {Efficient Hierarchical Parallel Genetic Algorithms using Grid computing},
    journal = {Future Generation Computer Systems},
    volume = {23},
    number = {4},
    year = {2007},
    pages = {658--670},
    publisher = {Elsevier Science Publishers B. V.},
    address = {Amsterdam, The Netherlands},
}

@article{Jin2002,
    author = {Jin, Y. and Olhofer, M. and Sendhoff, B.},
    title = {A Framework for Evolutionary Optimization With Approximate
    Fitness Functions},
    journal = {IEEE Transactions on Evolutionary Computation},
    volume = {6},
    number = {5},
    pages = {481--494},
    month = oct,
    year = {2002},
}


@inproceedings{Jin2004,
    author = {Jin, Y. and Sendhoff, B.},
    title = {Reducing fitness evaluations using clustering techniques
            and neural network ensembles},
    booktitle={Genetic and Evolutionary Computation -- GECCO 2004},
    pages ={688-699},
    year={2004},
    month={June},
    address={Seattle, WA, USA}
}


@InProceedings{Rat1999,
    author = {Ratle, A.},
    title = {Optimal sampling strategies for learning a fitness model},
    booktitle = {1999 Congress on Evolutionary Computation -- CEC '99},
    pages = {2078--2085},
    address = {Washington, DC, USA},
    year = {1999}
}


@book{NURBSBook,
    author = {Piegl, L. and Tiller, W.},
    title = {The {NURBS} {B}ook},
    edition = {2nd},
    publisher = {Springer-Verlag},
    address = {Germany},
    year = {1997}
}

@inproceedings{BenArc02,
    author = {Benoudjit, N. and Archambeau, C. and Lendasse, A. and Lee, J.
    and Verleysen, M.},
    title = {Width optimization of the {G}aussian kernels in Radial Basis
    Function Networks},
    booktitle = {European Symposium on Artificial Neural Networks --
    ESANN 2002},
    pages = {425--432},
    year = {2002},
    address = {Bruges, Belgium}
}

@article{Fritz1994b,
  author = {Fritzke, B.},
  title  = {Growing Cell Structures-{A} self-organizing network
            for unsupervised and supervised learning},
  journal= {Neural Networks},
  volume = {7},
  number = {9},
  pages  = {1441--1460},
  year   = {1994}
}

@book{Knu97,
    author = {Knuth, D.},
    title  = {The Art of Computer Programming, Volume 1:
            Fundamental Algorithms},
    edition= {3rd},
    publisher = {Addison-Wesley},
    year = {1997}
}


@article{Karay1997,
    author = {Karayiannis, N.B. and Mi, G.W.},
    title = {Growing Radial Basis Neural Networks: Merging Supervised and
    Unsupervised Learning with Network Growth Techniques},
    journal = {IEEE Transactions on Neural Networks},
    volume = {8},
    number = {6},
    pages = {1492--1506},
    year = {1997},
}

@book{Hayk1999,
    author = {Haykin, S.},
    title  = {Neural Networks: A Comprehensive Foundation},
    edition = {2nd},
    address = {New Jersey, USA},
    publisher = {Prentice Hall},
    year = {1999},
}


@article{Zitz1999a,
    author = "Zitzler, E. and Thiele, L.",
    title = "Multiobjective Evolutionary Algorithms: A comparative case study
    and the {S}trength {P}areto approach",
    journal = "IEEE Transactions on Evolutionary Computation",
    volume = "3",
    number = "4",
    pages = "257--271",
    month = "November",
    year = "1999",
}

@InProceedings{Zitz2002,
    author = {Zitzler, E. and Laumans, M. and Thiele, L.},
    title  = {{SPEA2}: Improving the Strength {P}areto Evolutionary
            Algorithm for Multiobjective Optimization},
    booktitle = {Eurogen 2001, Evolutionary Methods for Design, Optimisation and Control
    with Applications to Industrial Problems},
    pages = {19--26},
    publisher = {CIMNE},
    address = {Barcelona},
    year = {2002},
}

@InProceedings{Zitz2007,
    author={Zitzler, E. and Brockhoff, D. and Thiele, L.},
    title={The hypervolume Indicator revisited: On the design of
            {P}areto-compliant indicators via weighted integration},
    booktitle={Conference on Evolutionary Multi-Criterion Optimization -- {EMO}},
    year={2007}
}

@article{Alba2001,
    author = {Alba, E. and Troya, J.M},
    title  = {Analyzing synchronous and asynchronous parallel distributed
        genetic algorithms},
    journal= {Future Generation Computer Systems},
    volume = {17},
    number = {4},
    pages  = {451--465},
    year   = {2001}
}

@article{Alba2002,
    author = {Alba, E. and Tomassini, M.},
    title = {Parallelism and Evolutionary Algorithms},
    journal = {IEEE Transactions on Evolutionary Computation},
    volume = {6},
    number = {5},
    pages = {443--462},
    year = {2002},
}

@article{Spa94,
    author = {Spalart, P. and Allmaras, S.},
    title = {A one--equation turbulence model for aerodynamic flows},
    journal = {La Recherche A\'{e}rospatiale},
    volume = {1},
    year = {1994},
    pages = {5-21}
}

@article{Pog1990,
    author = {Poggio, T. and Girosi, F.},
    title = {Networks For Approximation and Learning},
    journal = {Proceedings of the IEEE},
    volume = {78},
    number = {9},
    pages = {1481--1497},
    year = {1990}
}

@inproceedings{Green1999,
    author = {Greenman, R.M. and Roth, K.R.},
    title = {Minimizing computational data requirements for multi-element
    airfoils using neural networks},
    booktitle = {37\textsuperscript{th} AIAA Aerospace Sciences Meeting and
    Exhibit},
    address = {Reno, NV, USA},
    month = jan,
    note = {\mbox{AIAA-1999-0258}},
    year = {1999},
}

@article{Pier1999,
    author = {Pierret, S. and
    Van den Braembussche, R. A.},
    title = {Turbomachinery Blade Design using a {N}avier-{S}tokes Solver and
    Artificial Neural Network.},
    journal = {Journal of Turbomachinery},
    series = {ASME Transactions},
    volume = {121},
    number = {2},
    pages = {326--332},
    month = apr,
    year = {1999},
    note = {\mbox{ASME Paper 99-GT-4}},
}

@article{Shy2001,
    author = {Shyy, W. and Papila, N. and Vaidyanathan, R. and
            Tucker, K.},
    title = {Global design optimization for aerodynamics and rocket propulsion
    components},
    journal = {Progress in Aerospace Sciences},
    volume = {37},
    number = {1},
    pages = {59--118},
    month = jan,
    year = {2001},
}

@inproceedings{Ulm2003,
    author = {Ulmer, H. and Streichert, F. and Zell, A.},
    title = {Evolution Strategies assisted by {G}aussian Processes with improved
        Pre-Selection Criterion},
    booktitle = {2003 Congress on Evolutionary Computation -- CEC '03},
    address = {Canberra, Australia},
    year = {2003}
}

@article{Drel1987,
    author = {Drela, M. and Giles, M.B.},
    title = {Viscous-Inviscid Analysis of Transonic and Low {R}eynolds
             Number Airfoils},
    journal = {AIAA Journal},
    volume = {25},
    number = {10},
    pages = {1347--1355},
    year = {1987}
}

@article{Sri1995,
    author = {Srinivas, N. and Deb, K.},
    title  = {Multiobjective Optimization Using Nondominated Sorting in Genetic
    Algorithms},
    journal = {Evolutionary Computation},
    volume = {2},
    number = {3},
    pages  = {221--248},
    year   = {1995}
}

@InProceedings{Deb2000,
    author = {Deb, K. and Agrawal, S. and
    Pratap, A. and Meyarivan, T.},
    title = {A fast elitist non-dominated sorting genetic algorithm for
    multi-objective optimization: {NSGA-II}},
    booktitle = {Parallel Problem Solving from Nature -- PPSN VI},
    year = {2000},
    address = {Paris, France}
}

@article{Buch2005,
    author = {B{\"{u}}che, D. and Schraudolph, N. and Koumoutsakos, P.},
    title = {Accelerating Evolutionary Algorithms With {G}aussian Process
    Fitness Function Models},
    journal = {IEEE Transactions on Systems, Man, and Cybernetics --- Part C:
    Applications and Reviews},
    volume = {35},
    number = {2},
    pages = {183--194},
    month = May,
    year = {2005},
}

@article{Papad1998,
    author = {Papadrakakis, M. and Lagaros, N.D. and Tsompanakis, Y.},
    title = {Structural optimization using evolution strategies and neural
    networks},
    journal = {Computer Methods in Applied Mechanics and Engineering},
    volume = {156},
    pages = {309--333},
    number = {1--4},
    year = {1998},
}

@article{kn:Bull1999,
    author = {Bull, L.},
    title = {On Model-Based Evolutionary Computation},
    journal = {Soft Computing --- A Fusion of Foundations, Methodologies and
    Applications},
    volume = {3},
    number = {2},
    pages = {76--82},
    year = {1999},
    publisher = {Springer}
}

@inproceedings{Nak2004,
    author =  {Nakayama, H. and Inoue, K. and Yoshimori, Y.},
    title = {Approximate optimization using computational intelligence and its
    application to reinforcement of cable-stayed bridges},
    booktitle = {ECCOMAS 2004, European Congress on
    Computational Methods in Applied Sciences and Engineering},
    month = jul,
    year = {2004},
    address = {J{\"y}vask{\"y}la, Finland},
}

@article{Brank2005,
    author = {Branke, J. and Schmidt, C.},
    title  = {Faster convergence by means of fitness estimation},
    journal= {Soft Computing -- A Fusion of Foundations,
              Methodologies and Applications},
    volume = {9},
    number = {1},
    pages  = {13--20},
    year   = {2005}
}


@book{Mont2005,
    author = {Montgomery, D.C.},
    title = {Design and Analysis of Experiments},
    edition = {6th},
    address = {New York, USA},
    publisher = {John Wiley \& Sons},
    year = {2005},
}

@inproceedings{Farina2002,
    author = {Farina, M.},
    title  = {A neural network based generalized response surface
    multiobjective evolutionary algorithm},
    booktitle = {2002 Congress on Evolutionary Computation -- CEC '02},
    address= {Honolulu, HI, USA},
    month  = {May},
    year   = {2002},
}

@inproceedings{Nowo1999,
    author = {Nowostawski, M. and Poli, R.},
    title = {Parallel Genetic Algorithm Taxonomy},
    booktitle = {Third International Conference on Knowledge-based
            Intelligent Information Engineering Systems KES'99},
    year = {1999}
}

@article{CantPaz1998,
  author = {Cantu-Paz, E.},
  title = {A Survey of Parallel Genetic Algorithms},
  journal = {Calculateurs Paralleles, Reseaux et Systemes Repartis},
  volume = {10},
  number = {2},
  pages = {141--171},
  year = {1998}
}

@book{Tik76,
    author = {Tikhonov, A. and Ars\'{e}nine, V.},
    title  = {M\'{e}thodes de R\'{e}solution de probl\`{e}mes mal pos\'{e}s.},
    publisher = {Editions MIR},
    address = {Moscou},
    year = {1976},
}

@book{Tik95,
    author = {Tikhonov, A.N. and Goncharsky, A.V. and Stepanov, V.V.
    and Yagola, A.G.},
    title = {Numerical Methods for the Solution of Ill-Posed Problems},
    publisher = {Kluwer Academic Publishers},
    year = {1995},
}

@article{Fri94a,
    author = {Fritzke, B.},
    title  = {Fast learning with incremental {RBF} {N}etworks},
    journal= {Neural Processing Letters},
    volume = {1},
    number = {1},
    pages  = {2--5},
    year   = {1994}

}

@article{MoDa89,
    author = {Moody, J. and Darken, C.J.},
    title  = {Fast learning in networks of locally-tuned processing units},
    journal= {Neural Computation},
    volume = {1},
    number = {2},
    pages  = {281--294},
    year   = {1989}
}



@book{Dawk76,
    author = {Dawkins, R.},
    title  = {The selfish gene},
    year   = {1976},
    publisher = {Oxford University Press}
}

@inproceedings{Ku97,
    author = {Ku, K. and Mak, M.},
    title  = {Exploring the effects of Lamarckian and Baldwinian
    learning in evolving recurrent neural networks},
    booktitle = {1997 Congress on Evolutionary Computation -- CEC '97},
    address={Indianapolis, USA},
    year={1997}
}


@inproceedings{Feder03,
    author = {Federici, D.},
    title  = {Combining genes and memes to speed up evolution},
    booktitle = {2003 Congress on Evolutionary Computation -- CEC '03},
    pages = {747- 754},
    volume = {2},
    address = {Canberra, Australia},
    year = {2003}
}


@inbook{Koe96,
    author =   {Koehler, J.R. and Owen, A.B.},
    title  =   {Handbook on Statistics},
    chapter =  {Computer Experiments},
    publisher =  {Elsevier-Science},
    year   =   {1996},
    volume =   {13},
    pages  =   {239--245}
}

@inproceedings{Smith95,
    author = {Smith, R.E. and Dike, B.A. and Stegmann, S.A.},
    title  = {Fitness inheritance in genetic algorithms},
    booktitle = {1995 ACM Symposium on Applied Computing -- SAC '95},
    year   = {1995},
    pages  = {345--350},
    address = {New York, NY}
 }


@inproceedings{Sastry01,
    author = {Sastry, K. and Goldberg, D.E. and Pelikan, M.},
    title  = {Don't evaluate, inherit},
    booktitle = {Proceedings of the Genetic and Evolutionary Computation 
	    Conference -- GECCO 2001},
    year   = {2001},
    pages  = {551--558},
    address = {San Francisco, CA}
}

@article{Duch08,
    author = {Ducheyne, E.I. and De Baets, B. and De Wulf, R.R.},
    title  = {Fitness inheritance in multiple objective evolutionary
    		algorithms: A test bench and real-world evaluation},
    journal= {Applied Soft Computing},
    volume = {8},
    number = {1},
    year   = {2008},
    pages  = {337--349}
}


@inproceedings{Vapnik92,
	author = {Boser, B. and Guyon, I. and Vapnik, V.N.},
	title  = {A training algorithm for optimal margin classifiers},
	booktitle = {In COLT '92, {F}ifth {A}nnual {W}orkshop 
              on {C}omputational {L}earning {T}heory},
	pages  = {144--152},
	year   = {1992}, 
	address= {New York, USA},
	publisher = {ACM}
}

@article{Vapnik95,
  author    = {Cortes, C. and Vapnik, V.},
  title     = {Support-Vector Networks},
  journal   = {Machine Learning},
  volume    = {20},
  number    = {3},
  year      = {1995},
  pages     = {273-297}
}


@article{Krans2005,
        author={Krasnogor, N. and Smith, J.},
        title={A tutorial for competent memetic algorithms: model, taxonomy,
        and design issues},
        journal={IEEE Transactions on Evolutionary Computation},
        volume={9},
        number={5},
        pages={474-488},
        year={2005}
}
@article{Ong2003,
        author = {Ong, Y.S. and Nair, P.B. and Keane, A.J.},
        title = {Evolutionary Optimization of Computationally Expensive Problems
        via Surrogate Modeling},
        journal = {AIAA Journal},
        volume = {41},
        number = {4},
        pages = {687--696},
        year = {2003}
}
@article{Ong2004,
        author={Ong, Y.S. and Keane, A.J.},
        title={Meta-Lamarckian learning in memetic algorithms},
        journal={IEEE Transactions on Evolutionary Computation},
        volume={8},
        number={2},
        pages={99-110},
        year={2004}
}

@article{Ong2006,
    author = {Ong, Y.S. and Lim, M.H. and Zhu, N. and Wong, K.W.},
    title = {Classification of adaptive memetic algorithms: a comparative study},
    journal = {IEEE Transactions on Systems, Man, and Cybernetics - Part B},
    volume = {36},
    number = {1},
    pages = {141-152},
    year = {2006}
}


@inproceedings{Willmes2003,
	author = {Willmes, L. and Back, T. and Jin, Y. and Sendhoff, B.},
	title  = {Comparing neural networks and Kriging for fitness approximation in evolutionary optimization},
	booktitle={Proceedings of the 2003 Congress on Evolutionary 
     Computation -- CEC '03},
	volume = {1},
	number = {},
	year   = {2003},
	pages  = {663-670}
}

@article{Kri66,
  author = {Krige, D.G.},
  title  = { A study of gold and uranium distribution patterns in the {K}lerksdorp gold field},
  journal= {Geoexploration},
  year   = {1966},
  volume = {4},
  number = {1},
  pages  = {43-53}
}
