@article{kn:Kar2005c,
	author = {Karakasis, M.  and
	Koubogiannis, D. and Giannakoglou, K. },
	title = {Hierarchical distributed evolutionary algorithms in shape
	optimization},
	journal = {International Journal for Numerical Methods in Fluids},
	year = {2007},
	volume = {53},
	pages = {455--469}
}

@article{kn:Kar2005b,
	author = {Karakasis, M. and Giannakoglou, K. },
	title = {On the use of metamodel-assisted, 
	         multi-objective evolutionary algorithms},
	journal = {Engineering Optimization},
	volume ={38},
	number ={8},
	year = {2005},
	pages = {941--957}
}

@article{kn:Gian2005,
	author = {Giannakoglou, K. and
	Giotis, A.  and
	Karakasis, M. and
	Papadimitriou, D.  and
	Kampolis, I. },
	title = {Design Optimization Tools Based on Evolutionary Algorithms,
	Computational Intelligence and the Adjoint Method},
	journal = {ERCOFTAC bulletin, Theme - Design Optimisation},
	volume = {66},
	pages = {13--16},
	year = {2005},
}

@inproceedings{kn:Kar2005a,
	author = {Karakasis, M. and Giannakoglou, K. },
	title = {Metamodel-Assisted Multi-Objective Optimization},
	booktitle = {EUROGEN 2005 --- Evolutionary and Deterministic Methods for
	Design, Optimization and Control with Applications to Industrial and
	Societal Problems},
	year = {2005},
	address = {Munich, Germany},
}

@inproceedings{kn:Kar2004,
	author =  {Karakasis, M.  and
	Giannakoglou, K. },
	title = {On the use of Surrogate Evaluation Models in
	         Multi-Objective Evolutionary Algorithms},
	booktitle = {European Congress on Computational Methods in Applied 
			Sciences and Engineering --  {ECCOMAS} 2004},
	editor = {Neittaanm{\"{a}}ki, P. and Rossi, T. and Korotov, S. and
	O\~{n}ate, E. and P\'{e}riaux, J. and Kn{\"{o}}rzer, D.},
	year = {2004},
	address = {J{\"y}vask{\"y}la, Finland},
}

@article{kn:Kar2003,
	author =  {Karakasis, M. and Giannakoglou, K. },
	title = {Inexact Information aided, Low-Cost,
	         Distributed Genetic Algorithms for
			 Aerodynamic Shape Optimization},
	journal = {International Journal for Numerical Methods in Fluids},
	year = {2003},
	volume = {43},
	number = {10--11},
	pages = {1149--1166},
}

@techreport{kn:Kar2002,
	author = {M. Karakasis and J.-A. D\'{e}sid\'{e}ri},
	title = {Model Reduction and Adaptation of
             Optimum-shape design in aerodynamics by Neural Networks},
	institution = {INRIA},
	year = {2002},
	number = {4503},
	address = {Sophia Antipolis, France},
}

@inproceedings{kn:Kar2001,
	author =  {Karakasis, M. and Giotis, A. and Giannakoglou, K. },
	title = {Efficient Genetic Optimization using Inexact Information and 
	         Sensitivity Analysis. Application in Shape Optimization problems},
	booktitle = {Computational Fluid Dynamics Conference -- {ECCOMAS} 2001},
	year = {2001},
	address = {Swansea, UK},
}

@article{kn:Gian2001,
	author =  {Giannakoglou, K. and Giotis, A.  and Karakasis, M. },
	title = {Low-Cost Genetic Optimization based on Inexact Pre-Evaluations 
	         and the Sensitivity Analysis of design parameters},
	journal = {Journal of Inverse Problems in Engineering},
	year = {2001},
	volume = {9},
	number = {4},
	pages = {389--412},
}

@inproceedings{kn:BenArc02,
	author = "Benoudjit, N. and Archambeau, C. and Lendasse, A. and Lee, J.
	and Verleysen, M.",
	title = "Width optimization of the {G}aussian kernels in Radial Basis
	Function Networks",
	booktitle = "ESANN 2002 - European Symposium on Artificial Neural
	Networks",
	year = "2002",
	address = "Bruges, Belgium",
	pages = "425--432"
}

@article{kn:Jin2002,
	author = {Jin, Y. and Olhofer, M. and Sendhoff, B.},
	title = {A Framework for Evolutionary Optimization With Approximate
	Fitness Functions},
	journal = {IEEE Transactions on Evolutionary Computation},
	volume = {6},
	number = {5},
	pages = {481--494},
	year = {2002},
}

@article{kn:Jin2005,
	author = {Jin, Y.},
	title = {A Comprehensive survey of fitness approximation 
    in evolutionary computation},
	journal = {Soft Computing Journal -- A Fusion of Foundations,
	  	Methodologies and Applications},
	volume = {9},
	number = {1},
	pages = {3--12},
	year = {2005},
}



@article{kn:Park1991,
	author = {Park, J. and Sandberg, I. W.},
	title = {Universal approximation using radial-basis-function networks},
	journal = {Neural Computation},
	volume = {3},
	number = {2},
	pages = {246--257},
	year = {1991},
}

@article{kn:Mood1989,
	author = {Moody, J. and 
	Darken, C. J.},
	title = {Fast Learning in Networks of Locally-Tuned Processing Units},
	journal = {Neural Computation},
	volume = {1},
	number = {2},
	pages = {281--294},
	year = {1989},
}

@inproceedings{kn:Ben2002,
	author = {Benoudjit, N. and
	Archambeau, C. and
	Lendasse, A. and
	Lee, J. and
	Verleysen, M.},
	title = {Width optimization of the {G}aussian kernels in Radial Basis
	Function Networks},
	booktitle = {ESANN 2002 proceedings --- 10th
	European Symposium on Artificial Neural Networks},
	editor = {Verleysen, M.},
	address = {Bruges, Belgium},
	pages = {425--432},
	year = {2002},
}

@article{kn:Oyang2005,
	author = {Oyang, Y.-J. and
	Hwang, S.-C. and
	Ou, Y.-Y. and
	Chen, C.-Y. and
	Chen, Z.-W.},
	title = {Data Classification With Radial Basis Function Networks Based on
	a Novel Kernel Density Estimation Algorithm},
	journal = {IEEE Transactions on Neural Networks},
	volume = {6},
	number = {1},
	pages = {225--236},
	year = {2005},
}

@article{kn:Fritz1994b,
  author =  {Fritzke, B.},
  title =   {Growing Cell Structures ---
  {A} self-organizing network for unsupervised and supervised learning},
  journal = {Neural Networks},
  volume = {7},
  number = {9},
  pages =  {1441--1460},
  publisher = {Pergamon Press},
  year =  {1994},
}

@article{kn:Fritz1994c,
  author =  {Fritzke, B.},
  title = {Fast learning with incremental {RBF} networks},
  journal = {Neural Processing Letters},
  volume = {1},
  number = {1},
  pages = {2--5},
  year = {1994},
}
		
@incollection{kn:Fritz1997,
  author = {Fritzke, B.},
  title =    {Unsupervised ontogenetic Networks},
  booktitle =  {Handbook of Neural Computation},
  pages = {C2.4:1--16},
  editor =   {Fiesler, E. and Beale, R.},
  publisher = {Institute of Physics Publishing and Oxford University Press},
  year =  {1997},
}
		
@incollection{kn:Mart1991,
	author = {Martinetz, T. and
	Schulten, K.},
	title = {A ``Neural-Gas'' Network Learns Topologies},
	booktitle = {Artificial Neural Networks},
	editor = {Kohonen, T. and M{\"{a}}kisara, K. and Simula, O. and 
	Kangas, J.},
	volume = {1},
	pages = {397--402},
	address = {Amsterdam, The Netherlands},
	publisher = {Elsevier},
	year = {1991},
}	
	
@article{kn:Mart1994,
	author = {Martinetz, T. and
	Schulten, K.},
	title = {Topology representing networks},
	journal = {Neural Networks},
	volume = {7},
	number = {3},
	pages = {507--522},
	year = {1994},
}

@incollection{kn:Bert1995,
    author = {Berthold, M. R. and 
	Diamond, J.},
    title = {Boosting the Performance of {RBF} Networks with Dynamic Decay 
	Adjustment},
    booktitle = {Advances in Neural Information Processing Systems 7}, 
    editor = {Tesauro, G. and David, S. and Touretzky, D. and Leen, T.},
    pages = {512--528},
    publisher={MIT Press},
    year = {1995}
}

@book{kn:Tik1976,
	author = {Tikhonov, A. and
	Ars\'{e}nine, V.},
	title  = {M\'{e}thodes de R\'{e}solution de probl\`{e}mes mal pos\'{e}s.},
	publisher = {Editions MIR},
	address = {Moscou},
	year = {1976},
}

@book{kn:Tik1995,
	author = {Tikhonov, A. N. and
	Goncharsky, A. V. and
	Stepanov, V. V. and
	Yagola, A. G.},
	title = {Numerical methods for the solution of ill-posed problems},
	publisher = {Kluwer Academic Publishers},
	year = {1995},
}

@book{kn:Knu1997,
	author = "Knuth, D.",
	title = "Fundamental Algorithms",
	volume = "1",
	series = "The Art of Computer Programming",
	edition = "3rd",
	publisher = "Addison-Wesley",
	year = "1997"
}

@article{kn:Kara97a,
	author = "Karayiannis, N. B.",
	title = "A Methodology for Constructing Fuzzy Algorithms for Learning
	Vector Quantization",
	journal = "IEEE Transactions on Neural Networks",
	volume = "8",
	number = "3",
	year = "1997",
	pages = "505--518"
}
		
@article{kn:Karay1997,
	author = {Karayiannis, N. B. and
	Mi, G. W.},
	title = {Growing Radial Basis Neural Networks: Merging Supervised and
	Unsupervised Learning with Network Growth Techniques},
	journal = {IEEE Transactions on Neural Networks},
	volume = {8},
	number = {6},
	pages = {1492--1506},
	year = {1997},
}

@article{kn:Koh1982a,
	author = {Kohonen, T.},
	title = {Self-organized formation of topologically correct feature maps},
	journal = {Biological Cybernetics},
	volume = {43},
	number = {1},
	pages = {59--69},
	year = {1982},
}

@book{kn:Koh1997,
	author = {Kohonen, T.},
	title = {Self-organizing maps},
	series = {Information Sciences},
	edition = {2nd},
	publisher = {Springer-Verlag},
	address = {Berlin, Germany},
	year = {1997},
}

@book{kn:Sed90,
	author = "Sedgewick, Robert",
	title = "Algorithms",
	edition = "2nd",
	publisher = "Addison-Wesley Pub. Co.",
	year = "1988"
}

@book{kn:Corm2002,
	author = "Cormen, T. H. and 
	Leiserson, C. E. and 
	Rivest, R. L. and
	Stein, C.",
	title = "Introduction to Algorithms",
	edition = "2nd",
	publisher = "The MIT Press",
	address = "Cambridge, MA",
	year = "2002"
}

@book{kn:Alek1990,
  author = {Aleksander, I. and
  Morton, H.},
  title = {An introduction to neural computing},
  address = {London, UK},
  publisher = {Chapman and Hall},
  year = {1990},
}

@book{kn:Hayk1999,
	author = {Haykin, S.},
	title  = {Neural networks: A comprehensive foundation},
	address = {New Jersey, USA},
	publisher = {Prentice Hall},
	year = {1999},
}
	
@book{kn:pvm3, 
    author = "Geist, A. and Beguelin, A. and Dongarra, J. and Jiang, W. and
	Manchek, R. and Sunderam,V",
    title = "PVM: Parallel virtual machine. A user's guide and tutorial for
	networked parallel computing",
    edition = "",
    publisher = "The MIT Press",
    address = "",
    year = "1994",
    kwds = ""
}

@book{kn:MPI-1,
	author = {Snir, M. and
	Otto, S. and
	Huss-Lederman, S. and
	Walker, D. and
	Dongarra, J.},
	title = {{MPI}: The complete reference},
	address = {Cambridge, MA, USA},
	publisher = {The MIT Press},
	year = {1996},
}

@manual{kn:MPI-2,
	author = {MPI Forum},
	title = {{MPI-2}: Extensions to the message-passing interface},
	address = {Knoxville, Tennessee, USA},
	publisher = {University of Tennessee},
	year = {1997},
}

@book{kn:Ded83, 
    author = "Dedoussis, V.",
    title = "Calculation of Inviscid Flow through Aerofoil Cascade and between
	Wind Tunnel Wall", 
    edition = "",
    publisher = "M.Sc. Thesis",
    address = "Dept. Aeronautics, Imperial College, London",
    year = "1983",
    kwds = ""
}


@techreport{kn:Deb00a,
	author = "Deb, K. and Agarwal, S. and Pratap, A. and Meyarivan, T.",
	title = "A Fast Elitist Non-Dominated Sorting Genetic
	Algorithm for Multi-Objective Optimization: \uppercase{NSGA-II}",
	institution = "Indian Institute of Technology Kanpur",
	year = "2000",
	number = "200001"
}
	
@article{kn:Deb94,
    author = "Srinivas,N and Deb, K.",
    title = "Multiobjective Optimization using Nondominated Sorting in
             Genetic Algorithms",
    journal = "Evolutionary Computation",
    volume = "",
    pages = "221--248",
    year = "1994",
    kwds = ""
}

@article{kn:Gref81,
    author = "Grefenstette, J.J.",
    title = "Parallel adaptive algorithms for function optimization",
    journal = "Technical Report No. CS-81-19, Nashville: Vanderbilt
    University",
    volume = "",
    pages = "",
    year = "1981",
    kwds = ""
}

@misc{kn:Ander97,
    author = "Anderson, W.K. and Venkatakrishnan, V.",
    title = "Designing Turbomachinery Blades using Evolutionary Methods",
    howpublished = "AIAA Paper 97-0643, 1997",
    kwds = ""
}

}

@misc{kn:Spa92,
    author = "Spalart, P. and Allmaras, S.",
    title = "A One-Equation Turbulence Model for
    Aerodynamic Flows",
    howpublished = "AIAA Paper 92-0439, 1992",
    kwds = ""
}

@misc{kn:Jame97,
    author = "Jameson, A.",
    title = "Essential Elements of Computational Algorithms for Aerodynamic
    Analysis and Design",
    howpublished = "NASA/CR-97-206268, ICASE Report No.97-68, 1997",
    kwds = ""
}

@misc{kn:Gio99,
    author = "Giotis, A.P. and Giannakoglou, K.C.",
    title = "Single- and Multi-Objective Airfoil Design Using Genetic
    Algorithms and Artificial Intelligence",
    howpublished = "EUROGEN 99, Evolutionary Algorithms in Engineering
    and Computer Science, Miettinen K. et al (Eds.), 
    John Wiley \& Sons, Jyvaskyla, Finland",
    year = "1999",
    kwds = ""
}

@inproceedings{kn:Giot2000,
	author = {Giotis, A.  and
	Giannakoglou, K. and
	P\'{e}riaux, J.},
	title = {A reduced-cost multi-objective optimization method based on the
	{P}areto front technique, neural networks and {PVM}},
	booktitle = {European Congress on Computational Methods in Applied 
			Sciences and Engineering -- {ECCOMAS} 2000},
	editor = {O\~{n}ate, E. and Bugeda, G. and Su\'{a}rez, B.},
	address = {Barcelona, Spain},
	publisher = {CIMNE},
	year = {2000}
}

@misc{kn:GiPa00,
    author = "Giannakoglou, K.C. and Pappou, T.I. and 
              Giotis, A.P. and Koubogiannis, D.G.",
    title = "A Parallel Inverse--Design Algorithm in Aeronautics
    based on Genetic Algorithms and the Adjoint Method",
    howpublished = "ECCOMAS 2000, Barcelona, September 2000",
    kwds = ""
}

@misc{kn:KouG00,
    author = "Koubogiannis, D.G. and Giannakoglou, K.C.", 
    title = "Implementation and Assessment of \mbox{Low--Reynolds}
    Turbulence Models for Airfoil Flows on Unstructured Grids",
    howpublished = "ECCOMAS 2000, Barcelona, September 2000",
    kwds = ""
}

@inproceedings{kn:Gian1999,
    author = {Giannakoglou, K. C.},
    title = {Designing Turbomachinery Blades Using Evolutionary Methods},
	booktitle = {ASME Turbo Expo '99},
	address = {Indianapolis, USA},
    note = {\mbox{ASME Paper 99-GT-181}},
    year = {1999},
}

@article{kn:Kou98,
    author = "Koubogiannis, D.G. and Poussoulidis, L.C. and 
              Rovas, D.V. and Giannakoglou, K.C.",
    title = "Solution of Flow Problems Using Unstructured
             Grids on Distributed Memory Platforms",
    journal = "Comp. Meth. Appl. Mech. Eng.",
    volume = "160",
    pages = "129-138",
    year = "1998",
    kwds = ""
}

@article{kn:Gio98,
 author = {Giotis, A.P. and Giannakoglou, K.C.},
 title = {An unstructured grid partitioning method based on genetic algorithms},
 journal = {Adv. Eng. Softw.},
 volume = {29},
 number = {2},
 year = {1998},
 issn = {0965-9978},
 pages = {129--138},
 doi = {http://dx.doi.org/10.1016/S0965-9978(98)00014-3},
 publisher = {Elsevier Science Ltd.},
 address = {Oxford, UK, UK},
 }


@misc{kn:Gia98,
    author = "Giannakoglou, K.C. and Giotis, A.P.",
    title = "Unstructured 3-D Grid Partitioning Methods
             Based on Genetic Algorithms",
    howpublished = "ECCOMAS 98, John Wiley \& Sons, 1998",
    kwds = ""
}

@article{kn:Ozt94,
    author = "Ozturan, C. and deCoughy, H.L. and Shephard, M.S.
             and Flaherty, J.E.",
    title = "Parallel Adaptive Mesh Refinement and 
             Redistribution on Distributed Memory Computers",
    journal = "Comp. Meth. Appl. Mech. Eng.",
    volume = "119",
    pages = "123-137",
    year = "1994",
    kwds = ""
}

@article{kn:Vid94,
    author = "Vidwans, A. and Kallinderis, A. and
              Venkatakrishnan, V.",
    title = "Parallel Dynamic Load-Balancing Algorithm for 
             Three-Dimensional Adaptive Unstructured Grids",
    journal = "AIAA Journal",
    volume = "32 (3)",
    pages = "497-505",
    year = "1994",
    kwds = ""
}

@misc{kn:Min96,
    author = "Minyard, T. and Kallinderis, Y. and Schulz, K.",
    title = "Parallel Load Balancing for Dynamic 
             Execution Environments",
    howpublished = "AIAA Paper 96-0295, Reno, NV, January 1996",
    kwds = ""
}


@article{kn:Joh94,
    author = "Johan, Z. and Mathur, K.K. and
              Johnsson, S.L. and Hughes, T.J.R.",
    title = "An Efficient Communications Strategy for Finite Element 
             Methods on the Connection Machine \mbox{CM-5} System",
    journal = "Comp. Meth. Appl. Mech. Eng.",
    volume = "113",
    pages = "363-387",
    year = "1994",
    kwds = ""
}

@misc{kn:Goel96,
    author = "Goel, S. and Cofer, J.I. and 
              Singh, H.",
    title = "Turbine Airfoil Design Optimization",
    howpublished = "ASME Paper 96-GT-158, 1996",
    kwds = ""
}

@inproceedings{kn:Stein1990,
    author = {Steinert, W. and Eisenberg, B. and 
    Starken, H.},
    title = {Design and Testing of a Controlled Diffusion
    Airfoil Cascade for Industrial Axial Flow Compressor Application},
	booktitle = {Transactions of the ASME},
	note = {\mbox{ASME Paper 90-GT-140}},
    year = {1990},
}

@misc{kn:Trig97,
    author = "Trigg, M.A. and Tubby, G.R. and 
              Sheard, A.G.",
    title = "Automatic Genetic Optimization Approach to \mbox{2D} Blade 
             Profile Design for Steam Turbines",
    howpublished = "ASME Paper 97-GT-392, 1997",
    kwds = ""
}

@article{kn:LiJu97,
    author = "Li Jun and Feng Zheping and Chang Jianzhong 
              and Shen Zuda",
    title = "Aerodynamic Optimum Design of Transonic Turbine 
             Cascades Using Genetic Algorithms",
    journal = "J. of Thermal Science",
    volume = "6(2)",
    pages = "111-116",
    year = "1997",
    kwds = ""
}

@misc{kn:Gala96,
    author = "Galan, M. and Winter, G. and Montero, G.
              and Greiner, D. and Periaux, J. and Mantel, B.",
    title = "A transonic Flow Shape Optimization Using 
             Genetic Algorithms",
    howpublished = "ECCOMAS 96, John Wiley \& Sons, 1996",
    kwds = ""
}

@misc{kn:Stas90,
    author = "Stastny, M. and Safarik, P.",
    title = "Experimental analysis data on the transonic flow past a 
             plane turbine cascade",
    howpublished = "ASME Paper 90-GT-313, 1990",
    kwds = ""
}

@book{kn:Gol1996,
	author = {Golub, G. H. and
	Van Loan, C. F.},
	title = {Matrix Computations},
	edition = {3rd},
	publisher = {The John Hopkins University Press},
	address = {Baltimore, USA},
	year = {1996},
}

@book{kn:Fari88, 
    author = "Farin, G.",
    title = "Curves and Surfaces for Computer Aided Geometric Design. 
             A Practical Guide",
    edition = "",
    publisher = "Academic Press, Inc",
    address = "San Diego, CA",
    year = "1988",
    kwds = ""
}

@book{kn:Mich94, 
    author = "Michalewicz, Z.",
    title = "Genetic Algorithms + Data Structures = Evolution Programs",
    edition = "2nd",
    publisher = "Springer-Verlag",
    address = "Berlin Heidelberg",
    year = "1994",
    kwds = ""
}

@article{kn:JoLa72,
    author = "Jones, W.P. and Launder, B.E.",
    title = "The Prediction of Laminarization with a Two-Equation
             Model of Turbulence",
    journal = "Int. J. Heat Mass Transfer",
    volume = "15",
    pages = "301-314",
    year = "1972",
    kwds = ""
}


@article{kn:Sim91,
   author = " Simon, H.D.",
   title = "Partitioning of Unstructured Problems for 
            Parallel Processing",
   journal = "Computing Systems in Engineering", 
   volume = "2(2/3)",
   pages = "135-148",
   year =  "1991",
   kwds = ""
}

@article{kn:KeLi70,
    author = "Kernighan, B.W. and  Lin, S.",
    title = "An efficient heuristic procedure for
             partitioning graphs",
    journal= "The Bell System Technical Journal",
    volume="49",
    pages="291-308",
    year = "1970",
    kwds = ""
}  

@book{kn:Gold89, 
    author = "Goldberg, D.E.",
    title = "Genetic Algorithms in search,
             optimization \& machine learning",
    edition = "",
    publisher = "Addison-Wesley",
    address = "",
    year = "1989",
    kwds = ""
}

@book{kn:Bac96, 
    author = "\mbox{B\"{a}ck}, T.",
    title = "Evolutionary Algorithms in Theory and Practice.
	     Evolution Strategies, Evolutionary Programming,
             Genetic Algorithms",
    edition = "",
    publisher = "Oxford University Press",
    address = "USA",
    year = "1996",
    kwds = ""
}

@misc{kn:Beas93,
    author = "Beasley, D. and Bull, D.R. and Martin, R.R.",
    title = " An overview of genetic algorithms:
              Part 1, Fundamentals",
    howpublished = "University Computing, 1993, 15(2), 58-69",
    kwds = ""
}

@inproceedings{kn:Lasz95,
    author = "Von Laszewski, G.",
    title = "Intelligent Structural Operators for 
            the k-way Graph Partitioning Problem",
    booktitle = "Fourth International Conference on Genetic Algorithms",
    pages = "45-52", 
    publisher = "Morgan-Kaufman", 
    year ="1995"
}

@article{kn:BaSi94,
    author = "Barnard, S.T. and  Simon, H.D.",
    title = "A Fast Multilevel Implementation of Recursive
        Spectral Bisection for Partitioning Unstructured Problems",
    journal = " Concurrency: Practice and Experience",
    volume = "6",
    pages = " 101-107",
    year = "1994", 
    kwds = ""
}

@misc{kn:Polo96,
    author = "Poloni, C. and Mosetti, G. and Contessi, S",
    title = "Multi Oblective Optimisation by GAs:
             Application to System and Component Design",
    howpublished = "ECCOMAS 96, John Wiley \& Sons, 1996",
    kwds = ""
}

@misc{kn:Prit85,
    author = "Pritchard, L.J.",
    title = "An Eleven Parameter Axial Turbine Aerofoil Geometry
             Model",
    howpublished = "ASME Paper 85-GT-219, 1985",
    kwds = ""
}

@article{kn:Quag95,
    author = "Quagliarella, D. and Cioppa, A.D.",
    title = "Genetic Algorithms Applied to the Aerodynamic Design
             of Transonic Airfoils",
    journal = "J. Aircraft",
    volume = "32(4)",
    pages = "889-891",
    year = "1995",
    kwds = ""
}

@misc{kn:Rocc96,
    author = "Rocchetto, A.",
    title = "Transonic Airfoil Design via Numerical Optimization",
    howpublished = "ECCOMAS 96, John Wiley \& Sons, 1996",
    kwds = ""
}

@misc{kn:Shel93,
    author = "Shelton, M.L. and Gregory, B.A. and 
              Lamson, S.H. and Moses, H.L. and Kiss, T.",
    title = "Optimization of a Transonic Turbine Airfoil Using
             Artificial Intelligence, \mbox{CFD} and Cascade Testing",
    howpublished = "ASME Paper 93-GT-161, 1993",
    kwds = ""
}

@article{kn:LeeH96,
    author = "Lee, J. and Hajela, P.",
    title = "Parallel Genetic Algorithm Implementation in
             Multidisciplinary Rotor Blade Design",
    journal = "J. Aircraft",
    volume = "33(5)",
    pages = "962-969",
    year = "1996",
    kwds = ""
}

@misc{kn:KCG98,
    author = "Giannakoglou, K.C.",
    title = "A Design Method for Turbine Blades Using Genetic 
             Algorithms on Parallel Computers",
    howpublished = "ECCOMAS 98, John Wiley \& Sons, 1998",
    kwds = ""
}

@misc{kn:Burg93,
    author = "Burgreen, G.W. and Baysal, O.",
    title = "Aerodynamic Shape Optimization Using
             Preconditioned Conjugate Gradient Methods",
    howpublished = "AIAA-93-3322-CP, 1993",
    kwds = ""
}

@article{kn:Jame88,
    author = "Jameson, A.",
    title = "Aerodynamic Design via Control Theory",
    journal = "Journal of Scientific Computation",
    volume = "3",
    pages = "33-260",
    year = "1988",
    kwds = ""
}

@misc{kn:Felk93,
    author = "Felker, F.F.",
    title = "Calculation of Optimal Airfoils Using Direct Solutions
             of the Navier-Stokes Equations",
    howpublished = "AIAA-93-3323-CP, 1993",
    kwds = ""
}
@article{kn:Moha98,
    author = "Mohammadi, B.",
    title = "A New Optimal Shape design procedure for Inviscid
             and Viscous Turbulent Flows",
    journal = "Int. J. for Numerical Methods in Fluids",
    volume = "25",
    pages = "183-203",
    year = "1997",
    kwds = ""
}

@misc{kn:Crav97,
    author = "Cravero, C. and Dawes, W.N.",
    title = "Throughflow Design Using an Automatic Optimisation 
             Strategy",
    howpublished = "ASME Paper 97-GT-294, 1997",
    kwds = ""
}

@article{kn:Dang95,
    author = "Dang, T. and Isgro, V.",
    title = "Euler-based inverse method for turbomachinery blades.
	    {P}art 1: {T}wo-dimensional cascades",
    journal = "AIAA Journal",
    volume = "33 (12)",
    pages = "2309-2315",
    year = "1995",
    kwds = ""
}

@article{kn:Pand97,
    author = "Pandya, M.J. and Baysal, O.",
    title = "Gradient-Based Aerodynamic Shape Optimization
             Using Alternative Direction Implicit Method",
    journal = "J. Aircraft",
    volume = "34(3)",
    pages = "346-352",
    year = "1997",
    kwds = ""
}

@article{kn:Yama95,
    author = "Yamamoto, K. and Inoue, O.",
    title = "New Evolutionary Direction Operator for Genetic 
             Algorithms",
    journal = "AIAA Journal",
    volume = "33 (10)",
    pages = "1990-1993",
    year = "1995",
    kwds = ""
}

@article{kn:AlyO96,
    author = "Aly, S. and Ogot, M. and Pelz, R.",
    title = "Stochastic Approach to Optimal Aerodynamic Shape Design",
    journal = "J. Aircraft",
    volume = "33(5)",
    pages = "956-961",
    year = "1996",
    kwds = ""
}

@article{kn:Shar98,
    author = "Sharatchandra, M.C. and Sen, M. and
              Gad-el-Hak, M.",
    title = "New Approach to Constrained Shape Optimization
             Using Genetic Algorithms",
    journal = "AIAA Journal",
    volume = "36 (1)",
    pages = "51-61",
    year = "1998",
    kwds = ""
}

@misc{kn:Roch96,
    author = "Rocchetto, A.",
    howpublished = "ECCOMAS 96, John Wiley \& Sons, 1996",
    kwds = ""
}

@misc{kn:Tucc98,
    author = "Tuccillo, R. and Senatore, A.",
    title = "Genetic Algorithm Based Strategies for Radial
             Flow Impeller Design",
    howpublished = "ASME Paper 98-GT-427, 1998",
    kwds = ""
}

@misc{kn:Back96,
    author = "\mbox{B\"{a}ck}, T. 
    and Hammel, U. and Schutz, M. and Schwefel, H.-P.
              and Sprave, J.",
    title = "Applications of Evolutionary Algorithms at the 
             Center for Applier System Analysis",
    howpublished = "ECCOMAS 96, John Wiley \& Sons, 1996",
    kwds = ""
}

@misc{kn:Glow96,
    author = "Glowinski, R. and Periaux, J. and Sefrioui, M. 
              and Mantel, B. and Bristeau, M.-O.",
    title = "Optimal Backscattering of an Active Reflector by means
             of Genetic Algorithms",
    howpublished = "ECCOMAS 96, John Wiley \& Sons, 1996",
    kwds = ""
}

@misc{kn:Taie96,
    author = "Taieb, L. and Schoenauer, M.",
    title = "Evolutionary Optimization of Direction Finders",
    howpublished = "ECCOMAS 96, John Wiley \& Sons, 1996",
    kwds = ""
}

@misc{kn:Hack94,
    author = "Hackenberg, P. and Tutty, O.R. and Nelson, P.A.",
    title = "Numerical Optimization of the Suction Distribution
             for LFC Aerofoils",
    howpublished = "ECCOMAS 94, John Wiley \& Sons, 1994",
    kwds = ""
}
@book{kn:Dayh90, 
    author = "Dayhoff, J.E.",
    title = "Neural Network Architectures. {A}n introduction",
    edition = "",
    publisher = "Van Nostrand Reinhold",
    address = "New York",
    year = "1990",
    kwds = ""
}
}
@book{kn:Hert92, 
    author = "Hertz, J. and Krogh, A. and Palmer, R.G.",
    title = "Introduction to the Theory of Neural Computation",
    edition = "5th",
    publisher = "Addison-Wesley Publishing Company",
    address = "",
    year = "1992",
    kwds = ""
}

@article{kn:Bour96,
    author = "Bouras, B. and Karagiannis, F. and
              Leoutsakos, G. and Giannakoglou, K.C.
              and Papailiou, K.D.",
    title = "Arbitrary Blade Section Design Based on Viscous
             Considerations. Background Information",
    journal = "Trans. ASME, Journal of Fluids Engineering",
    volume = "118",
    pages = "358-363",
    year = "1996",
    kwds = ""
}

@misc{kn:Saad83,
    author = "Saad, Y. and Schultz, M.H.",
    title = "GMRES: A Generalized Minimal Residual Algorithm for
             Solving Nonsymmetric Linear Systems",
    howpublished = "Research Report YALEU/DCS/RR-254, 1983",
    kwds = ""
}

@article{kn:Roe86,
    author = "Roe, P.L.",
    title = "Discrete Models for the Numerical Analysis of
             Time-Dependent Multidimensional Gas Dynamics",
    journal = "Journal of Computational Physics",
    volume = "63",
    pages = "458-476",
    year = "1983",
    kwds = ""
}

@article{kn:Park91b,
    author = "Park, D.C. and El-Sharkawi, M.A. and Marks R.J.",
    title = "An Adaptively Trained Neural Network",
    journal = "IEEE Transactions on Neural Networks",
    volume = "2",
    pages = "334-344",
    year = "1991",
    kwds = ""
}

@misc{kn:Siev90,
    author = "Sieverding, C.H.",
    title = "Test Case E/CA-8: Transonic turbine cascade",
    howpublished = "AGARD-AR-275, 1990",
    kwds = ""
}

@misc{kn:Drv94,
    author = "Dervieux, A. and Marco, N. and Male J.M.
              and Periaux, J. and Stoufflet B. and Chen H.Q. 
              and Sefrioui, M.",
    title = "Numerical vs. Non-Numerical Robust Optimisers for Aerodynamic 
             Design using Transonic Finite-Element Solvers",
    howpublished = "AIAA Paper 94-203, San Diego, CA, June 1994",
    kwds = ""
}

@article{kn:Hage94,
    author = "Hager, G.O. and Eyi, S. and Lee, K.D",
    title = "Two-Point Transonic Airfoil Design Using Optimisation for 
             Improved Off-design Performance",
    journal = "J. Aircraft",
    volume = "31(5)",
    pages = "1143-1147",
    year = "1994",
    kwds = ""
}

@article{kn:Fost97,
    author = "Foster, N. and Dulikravich, G.",
    title = "Three-Dimensional Aerodynamic Shape Optimisation 
             Using Genetic and Gradient Search Algorithms",
    journal = "J. Spacecraft and Rockets",
    volume = "34(1)",
    pages = "",
    year = "1997",
    kwds = ""
}

@misc{kn:MaDu97,
    author = "Martin, T. and Dulikravich, G.",
    title = "Aero-Thermal Analysis and Optimization of Internally Cooled 
             Turbine Airfoils",
    howpublished = "Proc. of XIII International Symposium on 
                    Airbreathing Engines-ISABE, 1997",
    kwds = ""
}

@article{kn:Chen91,
    author = "Chen, S. and Cowan, C.F.N. and Grant, P.M.",
    title = "Orthogonal Least Squares Learning Algorithm For 
             Radial Basis Function Networks",
    journal = "IEEE Transactions On Neural Networks",
    volume = "2(2)",
    pages = "302-309",
    year = "1991",
    kwds = ""
}

@book{kn:Hayk98, 
    author = "Haykin, S.",
    title = "Neural Networks",
    edition = "2nd",
    publisher = "Prentice Hall International, Inc.",
    address = "",
    year = "1998",
    kwds = ""
}

@misc{kn:Orr93,
    author = "Orr, M.J.L.",
    title = "Regularised Centre Recruitment In Radial Basis 
             Function Networks",
    howpublished = "Research Paper 59, Centre For Cognitive Science, 
                    University of Edinburgh",
    year = "1993",
    kwds = ""
}

@article{kn:Orr1995,
	author = {Orr, M. J. L.},
	title = {Regularisation in the Selection of Radial Basis Function Centers},
	journal = {Neural Computation},
	volume = {7},
	number = {3},
	pages = {606--623},
	year = {1995},
}

@techreport{kn:Orr1999,
	author = {Orr, M. J. L.},
	title = {Recent Advances in Radial Basis Function Networks},
	institution = {Institute of Adaptive and Neural Computation, Division of
	Informatics, Edinburgh University},
	year = {1999},
	url = {http://anc.ed.ac.uk/rbf/rbf.html},
}

@misc{kn:Dunn94,
    author = "Dunne, R.A.",
    title = "Smoothing The Output Of Radial Basis Function Networks",
    howpublished = "Proc. 5th Aust. Conf. On Neural Networks, 
                    Sydney",
    year = "1994",
    kwds = ""
}

@book{kn:Cich93, 
    author = "Cichocki, A. and Unbenhauen, R.",
    title = "Neural networks for optimization and signal processing",
    edition = "",
    publisher = "John Wiley \& Sons",
    address = "",
    year = "1993",
    kwds = ""
}

@misc{kn:Powe87,
    author = "Powell, M.J.D.",
    title = "Radial basis functions For multivariable interpolation: 
             A review of algorithms for approximation",
    howpublished = "Mason, J.C. and Cox, M.G. (Eds.), 
                   Oxford, 1987",
    kwds = ""
}

@article{kn:Pog1990,
    author = {Poggio, T. and Girosi, F.},
    title = {Networks For Approximation and Learning},
    journal = {Proceedings of the IEEE},
    volume = {78},
	number = {9},
    pages = {1481--1497},
    year = {1990},
}

@article{kn:Bish91,
    author = "Bishop, C.",
    title = "Improving The Generalisation Properties Of Radial 
             Basis Neural Networks",
    journal = "Neural Computation",
    volume = "3(4)",
    pages = "579-588",
    year = "1991",
    kwds = ""
}

@article{kn:Fie75,
    author = "Fiedler, M.",
    title = "A Property of Eigenvectors of Non-negative Symmetric
             Matrices and its Application to Graph Theory",
    journal = "Czechoslovak Mathematical Journal",
    volume = "25",
    pages = "619-633",
    year = "1975",
    kwds = ""
}

@article{kn:Guat95,
    author = "Guattery, S. and Miller, G.L.",
    title = "On the performance of spectral partitioning methods",
    journal = "Sixth Annual ACM/SIAM Symposium on Discrete Algorithms, SODA95",
    volume = "",
    pages = "",
    year = "1995",
    kwds = ""
}

@article{kn:Dries95,
    author = "Van Driessche, R. and Roose, D.",
    title = "Load Balancing Computational Fluid dynamics calculations
             on Unstructured Grids",
    journal = "AGARD",
    volume = "R-807",
    pages = "",
    year = "1995",
    kwds = ""
}


@book{kn:Hol75,
    author = "Holland, J.H.",
    title = "Adaptation in natural and artificial systems",
    edition = "",
    publisher = "MIT Press",
    address = "",
    year = "1975",
    kwds = ""
}

@article{Holl:62,
    author = "Holland, J.H.",
    title = "Outline for a logical theory of adaptive systems",
    journal = "Association for computing machinery",
    volume = "3",
    pages = "297-314",
    year = "1962",
    kwds = ""
}

}

@article{kn:Karyp,
    author = "Karypis, G. and Kumar, V.",
    title = "A Fast and High Quality Multilevel Scheme for
             Partitioning Irregular Graphs",
    journal = "SIAM Journal on Scientific Computing",
    volume = "",
    pages = "",
    year = "1998",
    kwds = ""
}

@article{kn:Cuth69,
    author = "Cuthill, E. and McKee, J.",
    title = "Reducing the Band Width of sparse symmetic matrices",
    journal = "Proc. ACM Nat. Conf.",
    volume = "",
    pages = "157-172",
    year = "1969",
    kwds = ""
}

@misc{kn:Hint97,
    author = "Hinterding, R. and Michalewicz, Z. and Eiben, A.",
    title = "Adaptation in Evolutionary Computation: A Survey",
    howpublished = "Proc. 4th IEEE Conf. on Evolutionary Computation",
    year = "1997",
    kwds = ""
}

@article{kn:Eib97,
    author = "Eiben, A. and van Kemenade, C.",
    title = "Diagonal Crossover in Genetic Algorithms for
             Numerical Optimization",
    journal = "Journal of Control and Cybernetics",
    volume = "",
    pages = "",
    year = "1997",
    kwds = ""
}

@inproceedings{kn:Door1996,
	author = {Doorly, D. J. and
	Peir\'o, J. and
	Oesterle, J.-P.},
	title = {Optimisation of aerodynamic and coupled aerodynamic-structural
	design using parallel genetic algorithms},
	booktitle = {6th NASA and ISSMO Symposium on Multidisciplinary 
		     Analysis and Optimization},
	volume = {1},
	pages = {401--409},
	address = {Bellevue, WA, USA},
	year = {1996},
	note = {\mbox{AIAA-1996-4027}},
}


@inproceedings{kn:Door98full,
    author = "Doorly, D. J. and Peiro, J.",
    title = "Distributed Evolutionary Computational Methods
	         for Multiobjective and Multidisciplinary Optimization",
	booktitle = "7\textsuperscript{th} AIAA/USAF/NASA/ISSMO Symposium on 
			Multidisciplinary Analysis and Optimization",
	address = "St. Louis, MO",
	pages = "544--552",
	year = "1998",
	note = "\mbox{AIAA-1998-4775}",
}

@misc{kn:Door98,
	author = "Doorly, D. J. and Peiro, J.",
	title = "Distributed Evolutionary Computational Methods
	         for Multiobjective and Multidisciplinary Optimization",
    	howpublished = "AIAA-1998-4775, St. Louis, NV",
	year ="1998"
	
}


@inproceedings{kn:Door1997,
	author = {Doorly, D. J. and
	Peir\'o, J.},
	title = {Supervised parallel genetic algorithms in aerodynamic
	Optimisation},
	booktitle = {13th AIAA Computational Fluid Dynamics Conference},
	address = {Snowmass Village, CO, USA},
	note = {\mbox{AIAA-1997-1852}},
	year = {1997},
}

@inproceedings{kn:Door1999full,
	author = {Doorly, D. J. and
	Peir\'o, J. and
	Spooner, S.},
	title = {Design optimisation using distributed evolutionary methods},
	booktitle = {37th Aerospace Sciences Meeting and Exhibit},
	address = {Reno, NV, USA},
	note = {\mbox{AIAA-1999-111}},
	year = {1999},
}

@misc{kn:Door1999,
	author = {Doorly, D. J. and
	Peir\'o, J. and
	Spooner, S.},
	title = {Design Optimisation using Distributed Evolutionary Methods},

    	howpublished = "AIAA-1999-111, Reno, NV",
	year = "1999"
}


	
@misc{kn:Mar97,
    author = "Martin, T.J. and Dulikravich, G. S.",
    title = "Aero-Thermal Analysis and Optimization 
             of Internally Cooled Turbine Airfoils",
    howpublished = "ISABE 97-7165",
    year = "1997",
    kwds = ""
}

@book{kn:Rume86, 
    author = "Rumelhart, D.E. and McClelland, J.L.",
    title = "Parallel Distributed Processing. Volume 1",
    edition = "",
    publisher = "MIT Press",
    address = "",
    year = "1986",
    kwds = ""
}

@article{kn:Broom1988,
	author = {Broomhead, D. S. and
	Lowe, D.},
	title = {Multivariable Functional Interpolation and Adaptive Networks},
	journal = {Complex Systems},
	volume = {2},
	number = {3},
	pages = {312--355},
	year = {1988},
}

@inproceedings{kn:Lowe1989,
	author = {Lowe, D.},
	title = {Adaptive radial basis function nonlinearities, and the problem of
	generalisation},
	booktitle = {First IEE International Conference on Artificial Neural
	Networks},
	pages = {171--175},
	address = {London, UK},
	year = {1989},
}

@incollection{kn:Wett1992,
	author = {Wettschereck, D. and
	Dietterich, T.},
	title = {Improving the Performace of Radial Basis Function Networks by
	Learning Center Locations},
	booktitle = {Advances in Neural Information Processing Systems 4},
	editor = {Moody, J. E. and Hanson, S. J. and Lippmann, R. P.},
	volume = {4},
	pages = {1133--1140},
	address = {San Mateo, CA, USA},
	year = {1992},
	publisher = {Morgan Kaufmann Publishers},
}

@article{kn:Bian1995,
	author = {Bianchini, M. and
	Frasconi, P. and
	Gori, M.},
	title = {Learning without Local Minima in Radial Basis Function Networks},
	journal = {IEEE Transactions on Neural Networks},
	volume = {6},
	number = {3},
	pages = {749--756},
	year = {1995},
}

@misc{kn:Dark91,
    author = "Darken, C. and Moody, J.",
    title = "Towards Faster Stochastic Gradient Search",
    howpublished = "Advances in Neural Information Processing 
                    Systems 4, Morgan Kaufman",
    year = "1991",
    kwds = ""
}

@book{kn:Vand84, 
    author = "Vanderplats, G.N.",
    title = "Numerical Optimization Techniques for Engineering
             Design: With Applications", 
    edition = "",
    publisher = "McGraw-Hill Book Company",
    address = "",
    year = "1984",
    kwds = ""
}

@book{kn:Gill81, 
    author = "Gill, P.E. and Murray, W. and Wright, M.H.",
    title = "Practical optimization", 
    edition = "",
    publisher = "Academic Press",
    address = "",
    year = "1981",
    kwds = ""
}

@article{kn:Green98,
    author = "Greenman, R.",
    title = "Two-Dimensional High-Lift Aerodynamics Optimization
             Using Neural Networks",
    journal = "NASA/TM-1998-112233",
    year = "1998",
    kwds = ""
}

@inproceedings{kn:Green1999,
	author = {Greenman, R. M. and
	Roth, K. R.},
	title = {Minimizing computational data requirements for multi-element
	airfoils using neural networks},
	booktitle = {37\textsuperscript{th} AIAA Aerospace Sciences Meeting and
	Exhibit},
	address = {Reno, NV, USA},
	note = {\mbox{AIAA-1999-0258}},
	year = {1999},
}

@article{kn:Mada98,
    author = "Madavan, N.K. and Rai, M.M. and Huber, F.W.",
    title = "Neural Net-Based Redesign of Transonic Turbines for Improved
             Unsteady Aerodynamic Performance",
    journal = "NASA/TM-1998-208754",
    year = "1998",
    kwds = ""
}

@article{kn:Pier98b,
    author = "Pierret, S. and Van den Braembussche, R.A.",
    title = "Three-dimensional Turbine Blade Design Using a \mbox{Navier-Stokes}
             Solver and Artificial Neural Network",
    journal = "IMechE C557/154/99",
    year = "1998",
    kwds = ""
}

@article{kn:Fall96,
    author = "Faller, W.E. and Schreck, S.J.",
    title = "Neural Networks: Applications and Opportunities in
             Aeronautics",
    journal = "Progress in Aerospace Sciences",
    volume = "32",
    pages = "433-456",
    year = "1996",
    kwds = ""
}

@article{kn:Rosen61,
    author = "Rosenblatt, F.",
    title = "Principles of Neurodynamics: Perceptrons and the Theory of
             Brain Mechanisms",
    journal = "Spartan",
    year = "1961",
    kwds = ""
}

@misc{kn:Steck97,
    author = "Steck, J.E. and Rokhsaz, K.",
    title = "Some Applications for Artificial Neural Networks in
             Modeling of Nonlinear Aerodynamics and Flight Mechanics",
    howpublished = "AIAA Paper 97-0338, Reno, NV, January 1997",
    kwds = ""
}

@article{kn:Haje99,
    author = "Hajela, P.",
    title = "Nongradient Methods in Multidisciplinary Design 
             Optimization -- Status and Potential",
    journal = "J. Aircraft",
    volume = "36(1)",
    pages = "255-265",
    year = "1999",
    kwds = ""
}

@article{kn:Heal75,
    author = "Healy, M.J. and Kowalik, J.S. and Ramsay, J.W.",
    title = "Airplane Engine Selection by Optimization on Surface 
             Fit Approximations",
    journal = "Journal of Aircraft",
    volume = "12",
    number = "7",
    pages = "593-599",
    year = "1975",
    kwds = ""
}

@inproceedings{kn:Enge1993,
    author = "Engelund, W. C. and Stanley, D. O. and Lepsch, R. A. 
              and McMillian, M. M. and Unal, R.",
    title = "Aerodynamic Configuration Design Using Response Surface
             Methodology Analysis",
	booktitle = "Aircraft Design, Systems and Operations Meeting",
	address = "Monterey, CA",
	pages = "11--13",
    organization = "AIAA-1993-3967",
    year = "1993",
}

@misc{kn:TaiM95,
    author = "Tai, J.C. and Mavris, D.N. and Schrage, D.P. ",
    title = "Application of a Response Surface Method to the Design
             of Tipjet Driven Stopped Rotor/Wing Concepts",
    howpublished = "AIAA Paper 95-3965, 1995",
    year = "1995",
    kwds = ""
}

@misc{kn:Giunt97,
    author = "Giunta, A.A.",
    title = "Aircraft Multidisciplinary Design Optimization Using
             Design of Experiments Theory and Response Surface Modeling",
    howpublished = "Ph.D. Dissertation, Virginia Polytechnic Inst.
                    and State Univ. Blacksburg, VA",
    year = "1997",
    kwds = ""
}

@article{kn:Monm00,
    author = "Monmarche, N. and Venturini and G. Slimane, M.",
    title = "On how Pachycondyla Apicalis Ants Suggest a New
             Search Algorthm",
    journal = "Future Generation Computer Systems",
    volume = "16",
    pages = "937-946",
    year = "2000",
    kwds = ""
}

@article{kn:Dori96,
    author = "Dorigo, M. and Maniezzo, V. and Colorni, A.",
    title = "The Ant System: Optimization by a Colony of Cooperating Agents",
    journal = "IEEE Transactions on Systems, Man and Cybernetics - Part B",
    volume = "26",
    pages = "1-13",
    year = "1996",
    kwds = ""
}

@article{kn:Hess90,
    author = "Hess, J.L.",
    title = "Panel Methods in Computational Fluid Dynamics",
    journal = "Annu. Rev. Fluid Mech.",
    volume = "22",
    pages = "255-274",
    year = "1990",
    kwds = ""
}

@misc{kn:Kure96,
    author = "Kureichickl, V.M. and Miagkikh, V.V. and Topchy, A.P.",
    title = "Genetic Algorithm for Solution of the Traveling Salesman
	         Problem with New Features against Premature Convergence",
    howpublished = "Proc. of GA + SE'96, Gursuf, Ukraine, 1996",
    kwds = ""
}

@misc{kn:KCGVKI00a,
    author = "Giannakoglou, K.C.",
    title = "Acceleration of Genetic Algorithms Using
	         Artificial Neural Networks - Theoretical Background",
    howpublished = "Von-Karman Institute Lecture Series 2000-07, May 2000",
    kwds = ""
}

@misc{kn:KCGVKI00b,
    author = "Giannakoglou, K. and Giotis, A.",
    title = "Acceleration of Genetic Algorithms Using
	         Artificial Neural Networks - Application of the Method",
    howpublished = "Von-Karman Institute Lecture Series 2000-07, May 2000",
    kwds = ""
}

@misc{kn:KCGVKI04,
	author = "Giannakoglou, K.C.",
	title  = "Neural Network Assisted Evolutionary Algorithms, in Aeronautics
	          and Turbomachinery",
	howpublished = "Von-Karman Institute Lecture Series 2004",
	year   = "November, 2004"
}

@misc{kn:Poloni98,
    author = "Poloni, C. and Pediroda, V.",
    title = "Genetic Algorithms Coupled with Computationally Expensive Simulations:
             Tools to improve Efficiency",
    howpublished = "Genetic Algorithms and Evolution Strategies in
                    Enginnering and Computer Science, J Wiley \& Sons 1998",
    kwds = ""
}

@misc{kn:Pier98,
    author = "Pierret, S. and Van den Braembussche, R.A.",
    title = "Turbomachinery Blade Design Using a \mbox{Navier-Stokes}
             Solver and Artificial Neural Network",
    howpublished = "RTO AVT Symposium on Design Principles
	and Methods for Aircraft Gas Turbine Engines, Toulouse, France",
    year = "1998",
    kwds = ""
}

@article{kn:Pier1999,
	author = {Pierret, S. and
	Van den Braembussche, R. A.},
	title = {Turbomachinery Blade Design using a {N}avier-{S}tokes Solver and
	Artificial Neural Network.},
	journal = {Journal of Turbomachinery},
	series = {ASME Transactions},
	volume = {121},
	number = {2},
	pages = {326--332},
	year = {1999},
	note = {\mbox{ASME Paper 99-GT-4}},
}

@misc{kn:TseCh00,
    author = "Tse, D. and Chan, L.",
    title = "Transonic Airfoil Design Optimization Using Soft
	Computing Methods",
    howpublished = "47th Annual  Conference, 
	Canadian Aeronautics and Space Institute,
	Aircraft Design  and Development Symposium, Ottawa, Canada",
    year = "2000",
    kwds = ""
}

@misc{kn:ObaVKI00,
    author = "Obayashi, S.",
    title = "Airfoil Shape Parameterization for Evolutionary
	Computation",
    howpublished = " \textsc{von Karman Institute Lecure Series 
	2000-07},
	Genetic Algorithm for Optimisation in Aeronautics and 
	Turbomachinery",
    year = "2000",
    kwds = ""
}

@book{kn:Davies, 
    author = "Davies, A. and Samuels, P.",
    title = "An Introduction to Computational Geometry for Curves
	and Surfaces",
    edition = "",
    publisher = "Oxford Applied Mathematics and Computing Science 
	Series",
    address = "",
    year = "1996",
    kwds = ""
}

@article{kn:JZJZ97,
    author = "Jun, L. and Zheping, F. and Jianzhong, C. and Zuda, S.",
    title = "Aerodynamic Optimum Design of Transonic Turbine
	Cascades Using Genetic Algorithms",
    journal = "J. of Thermal Science",
    volume = "6(2)",
    pages = "111-116",
    year = "1999",
    kwds = ""
}

@misc{kn:Koller99,
    author = "Koller, U. and Monig, R. and Kusters, B. and 
	Schreiber, H_A.",
    title = "iDevelopment of Advanced Compressor Airfoils for Heavy-Duty
	Gas Turbines. Part I: Design and Optimization",
    howpublished = "ASME Paper 99-GT-95, 1999",
    kwds = ""
}

@misc{kn:Kust99,
    author = "Kusters, B. and Schreiber, H_A. and
    Koller, U. and Monig, R.",
    title = "Development of Advanced Compressor Airfoils for Heavy-Duty
	Gas Turbines. Part II: Experimental and Theoretical Analysis",
    howpublished = "ASME Paper 99-GT-96, 1999",
    kwds = ""
}

@misc{kn:Sobie99,
    author = "Sobieczky, H.",
    title = "Parametric Airfoil and Wings",
    howpublished = "Notes on Numerical Fluid Mechanics, Vol. 68,
	Wiesbaden, Vieweg, 1998",
    kwds = ""
}


@book{kn:Bac97,
	author    = "\mbox{B\"{a}ck}, T.",
	title     = "Handbook of Evolutionary Computation",
	publisher = "Oxford University Press",
	address   = "New York",
	year      = "1997"
}

	
@misc{kn:KlSo01, 
    author = "Klein, M. and Sobieczky, H.",
    title = " Sensitivity of Aerodynamic Optimization to Parameterized
	Target Functions",
    howpublished = "Proc. Int. Symp. on Inverse Problems in Engineering
	Mechanics (ISIP 2001), Nagano, Japan, Febr. 2001",
    kwds = ""
}

@book{kn:Mich04, 
    author = {Michalewicz, Z. and Fogel, D. B.},
    title = {How to solve it: Modern heuristics},
    publisher = {Springer},
	edition = {2nd},
    year = {2004},
}

@article{kn:EiBa97,
    author = "Eiben, A.E. and \mbox{B\"{a}ck}, T. ",
    title = "An Empirical investigation of multi-parent
	recombination operators in evolution strategies",
    journal = "Evolutionary Computation",
    volume = "5(3)",
    pages = "347-365",
    year = "1997",
    kwds = ""
}

@misc{kn:EiKK95, 
    author = "Eiben, A.E. and van Kemenade, C.H.M. and
	Kok, J.N.",
    title = "Orgy in the Computer: Multi-Parent Reproduction in
	Genetic Algorithms",
    howpublished = "Proc. of the $3^{rd}$ European Conference on
	Artificial Life, Springer-Verlag, pp. 934-945, 1995",
    kwds = ""
}

@article{kn:Bac98,
    author = "\mbox{B\"{a}ck}, T. ",
    title = "An Overview of Parameter Control Methods by Self-Adaptation
	in Evolutionary Algorithms",
    journal = "Fundamenta Informaticae",
    volume = "35",
    pages = "51-66",
    year = "1998",
    kwds = ""
}

@book{kn:Schw94, 
    author = "Schwefel, H-P.",
    title = "Evolution and Optimum Seeking",
    edition = "",
    publisher = "John Wiley \& Sons",
    address = "",
    year = "1994",
    kwds = ""
}

@misc{kn:Ratl98, 
    author = "Ratle, A.",
    title = "Accelerating the Convergence of Evolutionary Algorithms by
	Fitness Landscape Approximation",
    howpublished = "PPSN $V$, Lecture Notes in Computer Science 1498, 
	pp. 87-96, Springer-Verlag, A.E. Eiben et al. (Eds.), 1998",
    kwds = ""
}

@InProceedings{kn:Rat1999,
  author = {Ratle, A.},
  title = {Optimal sampling strategies for learning a fitness model},
  booktitle = {1999 Congress on Evolutionary Computation, -- {CEC} 1999},
  volume = {3},
  pages = {2078--2085},
  address = {Washington, DC, U.S.A.},
  year = {1999},
}

@misc{kn:SiMa98,
    author = "Simpson, T.W. and Mauery, T.M. and Korte, J.J.
	and Mistree, F.",
    title = "Comparison of Response Surface and Kriging Models for
	Multidisciplinary Design Optimization",
    howpublished = "AIAA Paper 98-4755, 1998",
    kwds = ""
}

@article{kn:Math1973,
	author = {Matheron, G.},
	title = {The intrinsic random functions and their applications},
	journal = {Advances in Applied Probability},
	volume = {5},
	pages = {439--468},
	year = {1973},
}

@inproceedings{kn:Shyy99,
	author = "Shyy, W. and Vaidyanatha, R. and Tucker, P. K.",
	title = "Response surface and neural network techniques for rocket engine
	injector optimization",
	booktitle = "35\textsuperscript{th} AIAA/ASME/SAE/ASEE Joint Propulsion
	Conference and Exhibit",
	address = "Los Angeles, CA",
	year = "1999",
	note = "\mbox{AIAA-1999-2455}",
}

@article{kn:Shy2001,
	author = {Shyy, W. and
	Papila, N. and
	Vaidyanathan, R. and
	Tucker, K.},
	title = {Global design optimization for aerodynamics and rocket propulsion
	components},
	journal = {Progress in Aerospace Sciences},
	volume = {37},
	number = {1},
	pages = {59--118},
	year = {2001},
}

@inproceedings{kn:Simp1998,
	author = {Simpson, T. W. and
	Mauery, T. M. and
	Korte, J. J. and
	Mistree, F.},
	title = {Comparison of response surface and kriging models for
	multidisciplinary design optimization},
	booktitle = {7\textsuperscript{th} AIAA/USAF/NASA/ISSMO
	Symposium on Multidisciplinary Analysis and Optimization},
	address = {St. Louis, MI, USA},
	volume = {1},
	year = {1998},
	organization = {AIAA-1998-4758},
}

@inproceedings{kn:Pap1999,
	author = {Papila, N. and Shyy, W. and Fitz-Coy, N. and Haftka, R. T.},
	title = {Assessment of neural net and polynomial-based techniques for
	aerodynamic applications},
	booktitle = {17\textsuperscript{th} AIAA Applied Aerodynamics Conference},
	address = {Norfolk, VA, USA},
	year = {1999},
	organization = {AIAA-1999-3167},
}

@article{kn:Carp1993,
	author = {Carpenter, W. C. and
	Barthelemy,  J.-F. M.},
	title = {A comparison of polynomial approximations and artificial neural
	nets as response surfaces},
	journal = {Structural and Multidisciplinary Optimization},
	volume = {5},
	number = {3},
	pages = {166--174},
	year = {1993},
	publisher = {Springer-Verlag},
}

@inproceedings{kn:Ong2003b,
    author = {Ong, Y. S. and
	Lum, K. Y. and 
	Nair, P. B. and
	Shi, D. M. and 
	Zhang, Z. K.},
    title = {Global Convergence of Unconstrained And Bound Constrained 
        Surrogate-Assisted Evolutionary Search In Aerodynamic Shape Design},
    booktitle = {2003 Congress on Evolutionary Computation -- {CEC} 2003},
	pages = {1856--1863},
	volume = {3},
	address = {Canberra, Australia},
	year = {2003},
}

@inproceedings{kn:Ulm2003, 
    author = {Ulmer, H. and
	Streichert, F. and
	Zell, A.},
    title = {Evolution Strategies assisted by {G}aussian Processes with improved
        Pre-Selection Criterion},
    booktitle = {2003 Congress on Evolutionary Computation -- {CEC} 2003},
	pages = {692--699},
	volume = {1},
	address = {Canberra, Australia},
	year = {2003},
}

@article{kn:Ong2003a,
    author = {Ong, Y. S. and
	Nair, P. B. and
	Keane, A. J.},
    title = {Evolutionary Optimization of Computationally Expensive Problems
        via Surrogate Modeling},
    journal = {AIAA Journal},
    volume = {41},
	number = {4},
    pages = {687--696},
    year = {2003},
}

@misc{kn:Rash00,
    author = "Rasheed, K. and Hirsch, H.",
    title = "Informed Operators: Speeding up Genetic Algorithm-Based
	Design Optimization Using reduced Models",
    howpublished = "GECCO 2000, pp. 628-635, 2000",
    kwds = ""
}

@misc{kn:Torc98,
    author = "Torczon, V. and Trosset, M.W.",
    title = "Using Approximations to Accelerate Engineering Design
	Optimization",
    howpublished = "NASA/CR-1998-208460, ICASE Report No.98-33, 1998",
    kwds = ""
}

@inproceedings{kn:EBNK,
    author = "El-Beltagy, M.A. and Nair, P.B. and Keane, A.J.",
    title = "Metamodeling Techniques for Evolutionary Optimization
	of Computationally Expensive Problems: Promises  and Limitations",
    booktitle = "Genetic and Evolutionary Computation
	   	 Conference -- {GECCO} 1999",
    address = "San Fransisco, USA", 
    publisher = "Morgan Kaufmann",
    pages = "196-203",
    year = "1999",
    kwds = ""
}

@book{kn:Tsouk, 
    author = "Tsoukalas, L.H. and Uhrig, R.E.",
    title = "Fuzzy and Neural Approaches in Engineering",
    edition = "",
    publisher = "John Wiley \& Sons, Inc.",
    address = "",
    year = "1996",
    kwds = ""
}

@techreport{kn:Zitz99b,
	author = {Zitzler, E. and Deb, K. and Thiele, L.},
	title = {Comparison of Multiobjective Evolutionary Algorithms},
	institution = {Swiss Federal Institute of Technology (ETH), Computer
	Engineering and Communication Networks Lab.\ (TIK)},
	number = {70},
	address = {Zurich, Switzerland},
	year = {1999},
}

@article{kn:Zitz2003,
	author = {Zitzler, E. and 
	Thiele, L. and
	Fonseca, C. M. and
	Grunert da Fonseca, V.},
	title = {Performance Assessment of Multiobjective Optimizers: An Analysis
	and Review},
	journal = {IEEE Transactions on Evolutionary Computation},
	volume = {7},
	number = {2},
	pages = {117--132},
	year = {2003},
}

@misc{kn:ViQu97,
    author = "Vicini, A. and Quagliarella, D.",
    title = "Multipoint Transonic Airfoil Design by means
	of a Multiobjective Genetic Algorithm",
    howpublished = "AIAA Paper 97-0082, 1997",
    kwds = ""
}

@inproceedings{kn:Quagl1997,
	author = {Quagliarella, D. and
	Vicini, A.},
	title = {Coupling genetic algorithms and gradient based optimization
	techniques},
	booktitle = {Genetic Algorithms and Evolution Strategy in Engineering and
	Computer Science --- Recent Advances and Industrial Applications},
 	pages = {289--309},
	publisher = {John Wiley \& Sons Ltd.},
	year = {Nov. 1997},
}

@misc{kn:KimR97,
    author = "Kim, H-J. and Rho, O-H.",
    title = "Dual Point Design of Transonic Airfoils Using
	the Hybrid Inverse Optimization Method",
    howpublished = "AIAA Paper 97-0512, 1997",
    kwds = ""
}

@article{kn:LeMis97,
    author = "Lewis, K. and Mistree, F.",
    title = "Modeling Interactions in Multidisciplinary Design:
             A Game Theoretic Approach",
    journal = "AIAA Journal",
    volume = "35 (8)",
    pages = "1387-1392",
    year = "1997",
    kwds = ""
}

@misc{kn:ZiTh98,
    author = "Zitzler, E. and Thiele, L.",
    title = "An evolutionary algorithm for multiobjective optimization:
   		 {T}he strength \mbox{Pareto} approach",
    howpublished = "TIK-Report No. 43, 
    Computer Engineering and Communication Networks Lab,
	ETH Zurich",
    year = "1998",
    kwds = ""
}

@article{kn:Zitz1999a,
	author = "Zitzler, E. and Thiele, L.",
	title = "Multiobjective Evolutionary Algorithms: A comparative case study
	and the Strength {P}areto approach",
	journal = "IEEE Transactions on Evolutionary Computation",
	volume = "3",
	number = "4",
	pages = "257--271",
	year = "1999",
}

@techreport{kn:Zitz01,
	author = {Zitzler, E. and Laumans, M. and Thiele, L.},
	title = {{SPEA2}: Improving the strength {P}areto evolutionary
	algorithm},
	institution = {Swiss Federal Institute of Technology (ETH), Computer
	Engineering and Communication Networks Lab.\ (TIK)},
	number = {103},
	address = {Zurich, Switzerland},
	year = {2001},
}
	

@InProceedings{kn:Zitz2002,
	author = "Zitzler, E. and Laumans, M. and
	Thiele, L.",
	title = "{SPEA2}: Improving the strength {P}areto evolutionary
		 algorithm for Multiobjective Optimization",
	booktitle = "Evolutionary Methods for Design, Optimisation and Control",
	pages = "19--26",
	publisher = "CIMNE",
	address = "Barcelona, Spain",
	year = "2002",
}

@misc{kn:Deb99,
    author = "Deb, K.",
    title = "Multi-objective evolutionary algorithms:
    	{I}ntroducing bias among {P}areto-optimal solutions",
    howpublished = "KanGAL-Report No. 99002, 
	Kanpur Genetic Algorithms Laboratory, 1999",
    kwds = ""
}

@misc{kn:Rend97,
    author = "Valenzuela-Rendon, M. and Uresti-Charre, E.",
    title = "A Non-Generational Genetic Algorithm for Multiobjective
	Optimization",
    howpublished = "Proc. of the 7th Int. Conf.. on Genetic Algorithms,
	pp. 658-665, 1997",
    kwds = ""
}

@article{kn:FoFl95,
    author = "Fonseca, C.M. and Fleming, P.J.",
    title = "An Overview of Evolutionary Algorithms in
	Multiobjective Optimization",
    journal = "Evolutionary Computation",
    volume = "3",
	number = "1",
    pages = "1--16",
    year = "1995",
    kwds = ""
}

@misc{kn:CoCo99,
    author = "Coello Coello, C.A.",
    title = "An Updated Survey of Evolutionary Multiobjective 
	Optimization Techniques: State of the Art and Future Trends",
    howpublished = "Progress on Evolutionary Computation, 1999",
    kwds = ""
}

@misc{kn:Obay98,
    author = "Obayashi, S. and Takahashi, S. and Takeguchi, Y.",
    title = "Niching and Elitist Models for \mbox{MOGAs}",
    howpublished = "PPSN V, LNCS 1498, pp. 260-269, 1998",
    kwds = ""
}

@misc{kn:PaMi98,
    author = "Parks, G.T. and Miller, I.",
    title = "Selective Breeding in a Multiobjective Genetic Algorithms",
    howpublished = "PPSN V, LNCS 1498, pp. 250-259, 1998",
    kwds = ""
}

@article{kn:HaLi92,
    author = "Hajela, P. and Lin, C.-Y.",
    title = "Genetic Search Strategies in Multicriterion Optimal
	Design",
    journal = "Structural Optimization",
    volume = "4",
    pages = "99-107",
    year = "1992",
    kwds = ""
}

@misc{kn:VEGA85,
    author = "Schaffer, J.D.",
    title = "Multiple Objective Optimization with Vector Evaluated 
	Genetic Algorithms",
    howpublished = "Proc. of the Int. Conf. on Genetic Algorithms
	and their Applications,
	J.J. Grefenstette (Ed.), pp. 93-100, 1985",
    kwds = ""
}

@inproceedings{kn:HiMi99,
    author = "Hiroyasu, T. and Miki, M. and Watanabe, S.",
    title = "Distributed Genetic Algorithms with a New Sharing
	Approach in Multiobjective Optimization Problems",
    booktitle = {1999 Congress on Evolutionary Computation -- {CEC} 1999},
    volume = {1},
    pages = "69-76",
    year = "1997",
    kwds = ""
}

@misc{kn:Eurodays,
    author = "Giannakoglou, K.C.",
    title = "Optimization and Inverse Design in Aeronautics:
	How to Couple Genetic Algorithms with Radial Basis
	Function Networks",
    howpublished = "EURODAYS 2000, Innovative Tools for
	Scientific Computation in Aeronautical
	Engineering (CIMNE Edition), Paris, March 2000",
    kwds = ""
}

@inproceedings{kn:Giot01,
    author = {Giotis, A. P. and Emmerich, M. and Naujoks, B.
	and Giannakoglou, K. C. and B{\"{a}}ck, T.},
    title = {Low-Cost Stochastic Optimization for Engineering 
	Applications},
	booktitle = {EUROGEN 2001 --- Evolutionary 
	Methods for Design, Optimisation and Control with 
	Applications to Industrial Problems},
	editor = {Giannakoglou, K. C. and Tsahalis, D. T. and P\'{e}riaux, J.
	and Papailiou, K. D. and Fogarty, T.},
	pages = {361--367},
	year = {2002},
	address = {Barcelona},
}

@article{kn:SAKirk,
    author = "Kirkpatrick, S. and Gelatt, J.C.D. and Vecchi, M.P.",
    title = "Optimization by Simulated Annealing",
    journal = "Science",
    volume = "220(No. 4598)",
    pages = "671-680",
    year = "1983",
    kwds = ""
}

@misc{kn:Anto89,
    author = "Antonisse, J.",
    title = "A New Interpretation of Schema Notation that Overturns
	         the Binary Coding Constraint",
    howpublished = "Third International
 Conference on Genetic Algorithms, 86-91, Morgan-Kaufman, 1989."
}

@book{kn:Davis91, 
    author = "Davis, L.",
    title = "Handbook of Genetic Algorithms",
    edition = "",
    publisher = "Van Nostrand Reinhold",
    address = "",
    year = "1991",
    kwds = ""
}

@book{kn:SefrThes, 
    author = "Sefrioui, M.",
    title = "Algorithmes Evolutionnaires pour le Calcul Scientifique.
	Application a l' electromagnetisme et a la Mecanique des
	Fluides Numeriques",
    edition = "",
    publisher = "PhD. Thesis",
    address = "University of Paris 6",
    year = "1998",
    kwds = ""
}

@misc{kn:Cook1979,
    author = {Cook, P. H. and McDonald, M. A. and Firmin, M. C.},
    title = {Airfoil \mbox{RAE 2822} --- Pressure Distributions and
	Boundary Layer and Wake Measurements},
    howpublished = {AGARD-AR-138 (Experimental Data Base for
	Computer Program Assessment)},
	year = {1979},
}

@article{kn:Drel1987,
    author = {Drela, M. and Giles, M. B.},
    title = {Viscous-inviscid analysis of transonic and low {R}eynolds
	         number airfoils},
    journal = {AIAA Journal},
    volume = {25},
	number = {10},
    pages = {1347--1355},
    year = {1987},
}

@article{kn:Gil1987,
	author = {Giles, M. B. and Drela, M.},
	title = {A Two-Dimensional Transonic Aerodynamic Design Method},
	journal = {AIAA Journal},
	volume = {25},
	number = {9},
	pages = {1199--1206},
	year = {1987},
}

@article{kn:Blai98,
    author = "Blaize, M. and Knight, D. and Rasheed, K.",
    title = "Automated Optimal Design of Two-Dimensional Supersonic
	Missile Inlets",
    journal = "AIAA Journal of Propulsion and Power",
    volume = "14(6)",
    pages = "890-898",
    year = "1998",
    kwds = ""
}

@misc{kn:Bour99,
    author = "Bourdeau, C. and Carrier G. and Knight, D. and Rasheed, K.",
    title = "Three--Dimensional Optimization of Supersonic Inlets",
    howpublished = "AIAA Paper 99-2108, 1999",
    kwds = ""
}

@misc{kn:Kni00,
    author = "Knight, D.",
    title = "Automated Optimal Design of Supersonic and Subsonic
	Diffusers Using \mbox{CFD}",
    howpublished = "ECCOMAS 2000, Barcelona, September 2000",
    kwds = ""
}

@book{kn:RashThes, 
    author = "Rasheed, K.",
    title = "\mbox{GADO}: A Genetic Algorithm for Continuous Design
	Optimization",
    edition = "",
    publisher = "PhD. Thesis",
    address = "Rutgers University",
    year = "1998",
    kwds = ""
}

@misc{kn:MaDu99,
    author = "Martin, T. and Dulikravich, G. and Han Z--X.
	and Dennis, B.H.",
    title = "Minimization of Coolant Mass Flow Rate in
	Internally Cooled Gas Turbine Blades",
    howpublished = "ASME Paper 99-GT-146, 1999",
    kwds = ""
}

@misc{kn:Duli99,
    author = "Dulikravich, G. and Martin, T. and Dennis, B.H.
	and Foster, N.F.",
    title = "Multidisciplinary Hybrid Constrained  \mbox{GA}
	Optimization",
    howpublished = "EUROGEN 99, Evolutionary Algorithms in Engineering
    and Computer Science, Jyvaskyla, Miettinen K. et al (Eds.), 
    John Wiley \&Acceleration of Genetic Algorithms Using Sons, 
	Finland, May 1999",
    kwds = ""
}

@article{kn:Mul91,
    author = "Muhlenbein, H. and Schomisch, M. and Born, J.",
    title = "The Parallel Genetic Algorithm as Function Optimizer",
    journal = "Parallel Computing",
    volume = "17",
    pages = "619-632",
    year = "1991",
    kwds = ""
}

@misc{kn:SeSr00,
    author = "Sefrioui, M. and Srinivas, K. and Periaux, P.",
    title = "Aerodynamic Shape Optimization Using a Hierarchical
    Genetic Algorithm",
    howpublished = "ECCOMAS 2000, Barcelona",
    year = "2000",
    kwds = ""
}

@book{kn:Rapo2, 
    author = "Rapoport, A.",
    title = "Two-Person Game Theory",
    edition = "",
    publisher = "Dover Publications, Inc.",
    address = "",
    year = "1966",
    kwds = ""
}

@article{kn:Liu98,
    author = "Liu, B.",
    title = "Stackelberg-\mbox{Nash} Equilibrium for Multilevel
	Programming with Multiple Followers Using Genetic Algorithms",
    journal = "Computers Math. Applic.",
    volume = "36(7)",
    pages = "79-89",
    year = "1998",
    kwds = ""
}

@article{kn:Cover65,
    author = "Cover, T.M.",
    title = "Geometrical and Statistical Properties of Systems of Linear
        Inequalities and Applications in Pattern Recognition",
    journal = "IEEE Transactions on Electronic Computers",
    volume = "14",
    pages = "326-334",
    year = "1965",
    kwds = ""
}

@misc{kn:Bona_1,
    author = "Bonataki, E.T. and Giannakoglou, K.C.",
    title = "An Automated Tool for Single-- and Multi--Objective
        Optimization for Redesigning Combined Cycle Gas Turbine
        Power Plants",
    howpublished = "Fourth GRACM Conference on Computational
        Mechanics, Patras, Greece, June 2002",
    kwds = ""
}

@article{kn:Sim01,
    author = "Simpson,T.W. and Peplinski, J.D. and Koch, P.N. 
        and Allen, J.K.",
    title = "Metamodels for Computer-based Engineering Design:
             Survey and Recommendations",
    journal = "Engineering with Computers",
    volume = "17",
    pages = "129-150",
    year = "2001",
    kwds = ""
}

@inproceedings{kn:Emm2002,
	author = {Emmerich, M. and
	Giotis, A. and
	\"{O}zdemir, M. and
	B\"{a}ck, T. and
	Giannakoglou, K.},
	title = {Metamodel-Assisted Evolution Strategies},
	booktitle = {7th International
	Conference on Parallel Problem Solving from Nature --- PPSN VII},
	series = {Lecture Notes in Computer Science},
	volume = {2439},
	pages = {361--370},
	publisher = {Springer-Verlag},
	year = {2002},
}

@inproceedings{kn:Emm2004,
	author = {Emmerich, M. and
	Naujoks, B.},
	title = {Metamodel-assisted multiobjective optimization with implicit
	constraints and its application in airfoil design},
	booktitle = {ERCOFTAC Design Optimization: Methods \& Applications ---
	International Conference \& Advanced Course Program},
	address = {Athens, Greece},
	year = {2004},
}

@article{kn:Emm2006,
	author = {Emmerich, M. and
	Giannakoglou, K. and
	Naujoks, B.},
	title = {Single and multi-objective evolutionary optimization 
		assisted by {G}aussian random field metamodels},
	journal = {IEEE Transactions on Evolutionary Computation},
    volume = "10(4)",
    pages = "421-439",
    year = "2006",
    kwds = ""
}

@article{kn:Jon1998,
	author = {Jones, D. R. and
	Schonlau, M. and
	Welch, W. J.},
	title = {Efficient Global Optimization of Expensive Black-Box Functions},
	journal = {Journal of Global Optimization},
	volume = {13},
	number = {4},
	pages = {455--492},
	year = {1998},
}

@article{kn:Panar,
    author = {Giannakoglou, K. C.},
    title = {Design of optimal aerodynamic shapes using 
        stochastic optimization methods and computational intelligence},
    journal = {Progress in Aerospace Sciences},
    volume = {38},
	number = {1},
    pages = {43--76},
    year = "2002",
}

@article{kn:Prab02,
    author = "Prabhat, Hajela",
    title = "Soft computing in multidisciplinary aerospace design---new
		directions for research",
    journal = "Progress in Aerospace Sciences",
    volume = "38",
    pages = "1--21",
    year = "2002",
    kwds = ""
}

@misc{kn:vLe82, 
    author = "van Leer, B.",
    title = "Flux vector splitting for the {E}uler Equations",
    howpublished = "Lecture Notes in Physics, Vol. 170,
	pp. 405-512, 1982",
    kwds = ""
}

@article{kn:Kampo1,
    author = "Kampolis, I.C. and Karangelos, E.I. and Giannakoglou, K.C.",
    title = "Gradient--assisted radial basis function networks.
    	    {T}heory and applications",
    journal = "Applied Mathematical Modelling",
	volume = "28",
    number = "13",
	year = "2004",
	pages = "197-209"
}

@misc{kn:Jame94,
    author = "Jameson, A. and Reuther, J.",
    title = "Control theory based airfoil design using the {E}uler Equations",
    howpublished = "AIAA Paper 94-4272-CP, 1994",
    kwds = ""
}

@misc{kn:Jame97b,
    author = "Jameson, A. and Pierce, N. and Martinelli, L.",
    title = "Optimum Aerodynamic Design using the Navier-Stokes Equations",
    howpublished = "AIAA Paper 94-4272-CP, 1994",
    kwds = ""
}

@misc{kn:Jame95,
    author = "Jameson, A.",
    title = "Optimum aerodynamic design using {CFD} and control theory",
    howpublished = "AIAA Paper 95-1729-CP, 1995",
    kwds = ""
}

@misc{kn:Jame90,
    author = "Jameson, A.",
    title = "Automatic Design of Transonic Airfoils to Reduce the Shock Induced
             Pressure Drag",
    howpublished = "31st Israel Annual Conference on Aviation 
                    and Aeronautics, Tel Aviv, pages 5-17, February 1990",
    kwds = ""
}

@misc{kn:Jame98b,
    author = "Jameson, A. and Alonso, J.J. and Reuther, J.J. and Martinelli, L. 
              and Vassberg, .J.C.",
    title = "Aerodynamic Shape Optimization Techniques Based on Control Theory",
    howpublished = "AIAA Paper 98-2538, 1998",
    kwds = ""
}

@misc{kn:Jame99,
    author = "Jameson, A. and Kim, S. and Alonso, J.J.",
    title = "A Gradient Accuracy Study for the Adjoint-Based Navier-Stokes 
             Design Method",
    howpublished = "AIAA Paper 99-0299, 1999",
    kwds = ""
}

@article{kn:Jame98,
    author = "Jameson, A. and Pierce, N. and Martinelli, L.",
    title = "Optimum Aerodynamic Design Using the Navier--Stokes Equations",
    journal = "J. Theor. Comp. Fluid. Mech",
    volume = "10",
    pages = "213-237",
    year = "1998",
    kwds = ""
}

@article{kn:Ander99,
    author = "Anderson, W.K. and Venkatakrishnan, V.",
    title = "Aerodynamic Design Optimization on Unstructured Grids with a 
             Continuous Adjoint Formulation",
    journal = "Computers and Fluids",
    volume = "28",
    pages = "443-480",
    year = "1999",
    kwds = ""
}

@article{kn:Giles01,
    author = "Giles, M.B. and Pierce, N.A.",
    title = "Analytic adjoint solutions for the quasi-one-dimensional 
    		{E}uler equations",
    journal = "Journal of Fluid Mechanics",
    volume = "426",
    pages = "327-345",
    year = "2001",
    kwds = ""
}

@misc{kn:Ander01,
    author = "Nielsen, E.J and Anderson, W.K.",
    title = "Recent Improvements in Aerodynamic Design Optimization On 
             Unstructured Meshes",
    howpublished = "AIAA paper 2001-0596, 2001",
    kwds = ""
}

@misc{kn:Giles99a,
    author = "Giles, M.B. and Pierce, N.A.",
    title = "Improved lift and drag estimates using adjoint {E}uler equations",
    howpublished = "AIAA Paper 99-3293, 1999",
    kwds = ""
}

@misc{kn:Giles97a,
    author = "Giles, M.B. and Pierce, N.A.",
    title = "Adjoint Equations in CFD: Duality, Boundary Conditions and 
             Solution Behaviour",
    howpublished = "AIAA Paper 97-1850, 1997",
    kwds = ""
}

@misc{kn:Salas93,
    author = "Iollo, A. and Salas, M.D. and Ta'asan, S.",
    title = "Shape optimization governed by the {E}uler equations using the
             adjoint method",
    howpublished = "ICASE Report No.93-78, 1993",
    kwds = ""
}

@misc{kn:Taas97,
    author = "Ta'asan, S.",
    title = "Introduction to Shape Design and Control",
    howpublished = "Von-Karman Institute Lecture Series 1997-05, April 1997",
    kwds = ""
}

@misc{kn:Salas97,
    author = "Arian, E. and Salas, M.D.",
    title = "Admitting the Inadmissible: Adjoint Formulation for Incomplete 
             Cost Functionals in Aerodynamic Optimization",
    howpublished = "NASA/CR-97-206269, ICASE Report No.97-69, 1997",
    kwds = ""
}

@misc{kn:Ferla00,
    author = "Ferlauto, M. and Iollo, A. and Zannetti, L.",
    title = "Optimal Inverse Method for Turbomachinery Design",
    howpublished = "ECCOMAS 2000, Barcelona",
    year = "2000",
    kwds = ""
}

@misc{kn:Elliott96,
    author = "Elliott, J. and Peraire, J.",
    title = "Aerodynamic Design using Unstructured Meshes",
    howpublished = "AIAA Paper 96-1941, 1996",
    kwds = ""
}

@article{kn:Bays92,
    author = "Baysal, O. and Eleshaky, M.E.",
    title = "Aerodynamic Design Optimization using Sensitivity Analysis and
             Computational Fluid Dynamics",
    journal = "AIAA Journal",
    volume = "30 (3)",
    pages = "718-725",
    year = "1992",
    kwds = ""
}

@article{kn:Bays01,
    author = "Baysal, O. and Ghayour, K.",
    title = "Continuous Adjoint Sensitivities for Optimization with General 
             Cost Functionals on Unstructured Meshes",
    journal = "AIAA Journal",
    volume = "39 (1)",
    pages = "",
    year = "2001",
    kwds = ""
}

@misc{kn:Soemar97,
    author = "Soemarwoto, B.",
    title = "The Variational Method for Aerodynamic Optimization Using
             the Navier-Stokes Equations",
    howpublished = "NASA/CR-97-206277, ICASE Report No.97-71, 1997",
    kwds = ""
}

@article{kn:Gunz99,
    author = "Gunzburger, M.D.",
    title = "Sensitivities, Adjoints and Flow Optimization",
    journal = "International Journal For Numerical Methods in Fluids",
    volume = "31",
    pages = "53-78",
    year = "1999",
    kwds = ""
}

@misc{kn:Gunz97,
    author = "Gunzburger, M.D.",
    title = "Lagrange Multiplier Techniques",
    howpublished = "Von-Karman Institute Lecture Series 1997-05, April 1997",
    kwds = ""
}

@article{kn:Roe81,
    author = "Roe, P.",
    title = "Approximate \mbox{R}iemann Solvers, Parameter Vectors,
             and Difference Schemes",
    journal = "Journal of Computational Physics",
    volume = "43",
    pages = "357-371",
    year = "1981",
    kwds = ""
}

@misc{kn:Bar92,
    author = "Barth, T.J.",
    title = "Aspects of unstructured grids
             and finite-volume solvers for the {E}uler and {N}avier-{S}tokes
             equations",
    howpublished = "AGARD Report 787, Special Course on
                    Unstructured Grid Methods for Advection Dominated Flows,
                    1992.",
    kwds = "" 
}

@misc{kn:Bar89,
    author = "Barth, T.J. and Jespersen, D.",
    title = "The Design and Application
             of Upwind Schemes on Unstructured Meshes",
    howpublished = "AIAA Paper 89-0366, 1989.",
    kwds = "" 
}

@article{kn:Fez89b,
    author = "Fezoui, L. and Stoufflet, B.",
    title = "A class of implicit upwind schemes for {E}uler
             simulations with unstructured meshes",
    journal = "J. of Comp. Phys.",
    volume = "84",
    pages = "174-206",
    year = "1989",
    kwds = ""
}

@article{kn:Reg04,
	author = "Regis, R.G. and Shoemaker, C.A.",
	title = "Local Function Approximation in Evolutionary Algorithms for the 
	         Optimization of Costly Functions",
	journal = "IEEE Transactions on Evolutionary Computation",
	volume = "8",
	number = "5",
	year = "2004",
	pages = "490--505"
}
 
@misc{kn:Lamb00,
    author = "Lambropoulos, N.K. and Koubogiannis, D.G. and Giannakoglou, K.C.",
    title = "Acceleration of an {E}uler equations solver on {2D} and {3D} 
             unstructured grids using agglomeration multigrid and 
             parallel processing",
    howpublished = "NTUA,Greece",
    kwds = ""
}


@book{kn:Berts99, 
    author = "Bertsekas, D.P.",
    title = "Nonlinear programming",
    edition = "2nd",
    publisher = "Athena Scientific",
    address = "",
    year = "1999",
    kwds = ""
}

@book{kn:Berts96, 
    author = "Bertsekas, D.P.",
    title = "Constrained optimization and {L}agrange multiplier methods",
    edition = "1st",
    publisher = "Athena Scientific",
    address = "",
    year = "1996",
    kwds = ""
}

@book{kn:Luen03, 
    author = "Luenberger, D.G.",
    title = "Linear and Nonlinear Programming",
    edition = "2nd",
    publisher = "Kluwer Academic Publishers",
    address = "",
    year = "2003",
    kwds = ""
}

@book{kn:Flet88, 
    author = "Fletcher, R..",
    title = "Practical Methods of optimization",
    edition = "2nd",
    publisher = "John Wiley and Sons",
    address = "",
    year = "1988",
    kwds = ""
}

@inproceedings{kn:Tan1987,
	author = {Tanese, R.},
	title = {Parallel Genetic Algorithms for a Hypercube},
	booktitle = {2nd International Conference on Genetic Algorithms},
	editor = {Grefenstette, J. J.},
	pages = {177--183},
	address = {Cambridge, MA, USA},
	publisher = {Lawrence Erlbaum Associates},
	year = {1987},
}

@inproceedings{kn:Her1998,
	author = {Herrera, F. and
	Lozano, M. and
	Moraga, C.},
	title = {Hybrid Distributed Real-Coded Genetic Algorithms},
	booktitle = {5th International Conference on Parallel Problem 
		     Solving from Nature --- PPSN V},
	editor = {Eiben, A. E. and B\"ack, T. and Schoenauer, M. and 
	Schwefel, H.-P.},
	series = {Lecture Notes in Computer Science},
	volume = {1498},
	pages = {603--612},
	address = {Amsterdam, The Netherlands},
	year = {1998},
	publisher = {Springer-Verlag},
}

@article{kn:Her1999,
	author = {Herrera, F. and
	Lozano, M. and
	Moraga, C.},
	title = {Hierarchical distributed genetic algorithms},
	journal = {International Journal of Intelligent Systems},
	volume = {14},
	number = {9},
	pages = {1099--1121},
	publisher = {John Wiley \& Sons},
	year = {1999},
}

@article{kn:Her2000,
	author = {Herrera, F. and
	Lozano, M.},
	title = {Gradual Distributed Real-Coded Genetic Algorithms},
	journal = {IEEE Transactions on Evolutionary Computation},
	volume = {4},
	number = {1},
	pages = {43--63},
	year = {2000},
}

@inproceedings{kn:Eby1998,
	author = {Eby, D. and
	Averill, R. C. and
	Punch III, W. F. and
	Goodman, E. D.},
	title = {Evaluation of injection island {GA} performance on flywheel
	design optimization},
	booktitle = {3rd Conference on Adaptive Computing in 
		     Design and Manufacturing},
	pages = {121--136},
	address = {Plymouth, UK},
	year = {1998},
	publisher = {Springer-Verlag},
}

@inproceedings{kn:Lin1994,
	author = {Lin, S.-C. and
	Punch, W. F. and
	Goodman, E. D.},
	title = {Coarse-grain parallel genetic algorithms: categorization and new
	approach},
	booktitle = {6th IEEE Symposium on Parallel and Distributed Processing},
	pages = {28--37},
	year = {1994},
}

@inproceedings{kn:Tan1989,
	author = {Tanese, R.},
	title = {Distributed Genetic Algorithms},
	booktitle = {3\textsuperscript{rd} International Conference on Genetic Algorithms},
	editor = {Schaffer, J. D.},
	year = {1989},
	pages = {434--439},
	publisher = {Morgan Kaufmann Publishers Inc.},
	address = {San Francisco, CA, USA},
}

@article{kn:Tsour02,
	author = "Tsourakis, G. I. and Koubogiannis, D. G. and Giannakoglou, K. C.",
	title = "Transition and Heat Transfer Predictions in a Turbine Cascade at
	         Various Free-stream Turbulence Intensities through a One-Equation
			 Turbulence Model",
	journal = "International Journal for Numerical Methods in Fluids",
	volume = "38",
	pages = "1091--1110",
	year = "2002"
}

@article{kn:Koub2003,
	author = {Koubogiannis, D. G. and Athanassiadis, A. N. 
	          and Giannakoglou, K. C.},
	title = {One and two-equation turbulence models for the prediction of 
	         complex cascade flows using unstructured grids},
	journal = {Computers \& Fluids},
	volume = {32},
	number = {3},
	pages = {403--430},
	year = {2003},
}

@book{kn:Mye2002,
	author = {Myers, R. H. and
	Montgomery, D. C.},
	title = {Response Surface Methodology: Process and Product Optimization
	Using Designed Experiments},
	series = {Probability and Statistics},
	edition = {2nd},
	address = {New York, USA},
	publisher = {John Wiley \& Sons},
	year = {2002},
}

@book{kn:Sant2003,
	author = {Santner, T. J. and
	Williams, B. J. and
	Notz, W. I.},
	title = {The design and analysis of computer experiments},
	series = {Statistics},
	address = {New York, USA},
	publisher = {Springer-Verlag},
	year = {2003},
}

@inproceedings{kn:Nak2003,
	author = {Nakayama, H. and Arakawa, M. and Washino, K.},
	title = {Using support vector machines in optimization for black-box 
	objective functions},
	booktitle = {the International Joint Conference on Neural Networks, 2003},
	pages = {1617--1622},
	volume = {2},
	year = {2003},
}

@inproceedings{kn:Nak2004,
	author =  {Nakayama, H. and
	Inoue, K. and 
	Yoshimori, Y.},
	title = {Approximate optimization using computational intelligence and its
	application to reinforcement of cable-stayed bridges},
	booktitle = {European Congress on Computational Methods in Applied Sciences and Engineering  -- {ECCOMAS} 2004},
	editor = {Neittaanm{\"{a}}ki, P. and Rossi, T. and Korotov, S. and
	O\~{n}ate, E. and P\'{e}riaux, J. and Kn{\"{o}}rzer, D.},
	year = {2004},
	address = {J{\"y}vask{\"y}la, Finland},
}

@Article{kn:Sri1995,
	author = "Srinivas, N. and Deb, K.",
	title = "Multiobjective optimization using nondominated sorting in genetic
	Algorithms",
	journal = "Evolutionary Computation",
	volume = "2",
	number = "3",
	pages = "221--248",
	year = "1995"
}

@InProceedings{kn:Fon93,
	author = {Fonseca, C. M. and Fleming, P. J.},
	title = {Genetic Algorithms for Multiobjective Optimization: Formulation,
	discussion and generalization},
	booktitle = {Fifth International Conference on Genetic Algorithms},
	pages = {416--423},
	address = {San Mateo, CA},
	publisher = {Morgan Kaufmann Publishers},
	year = {1993},
}	

@techreport{kn:Horn93,
    author = {Horn, J. and Nafpliotis, N.},
    title = {Multiobjective {O}ptimization using the {N}iched {P}areto
	{G}enetic {A}lgorithm},
    number = {93005},
	institution = {University of Illinois, Illinois Genetic Algorithm Lab.},
    address = {Urbana, Illinois, USA},
    year = {1993},
}


@article{kn:Zitz99,
	author = {Zitzler, E. and Thiele, L.},
	title = {Multiobjective Evolutionary Algorithms: A comparative case study
	and the Strength {P}areto approach},
	journal = {IEEE Transactions on Evolutionary Computation},
	volume = {3},
	number = {4},
	pages = {257--271},
	year = {1999},
}

@InProceedings{kn:Zitz02,
	author = {Zitzler, E. and Laumans, M. and Thiele, L.},
	title = {{SPEA2}: Improving the strength {P}areto evolutionary
	algorithm for multiobjective optimization},
	booktitle = {Evolutionary Methods for Design, Optimisation and Control
	with Applications to Industrial Problems -- EUROGEN 2001},
	pages = {19--26},
	publisher = {CIMNE},
	address = {Barcelona},
	year = {2002},
}

@InProceedings{kn:Deb2000,
	author = {Deb, K. and Agrawal, S. and
	Pratap, A. and Meyarivan, T.},
	title = {A fast elitist non-dominated sorting genetic algorithm for
	multi-objective optimization: {NSGA-II}},
	booktitle = {6th International
	Conference on Parallel Problem Solving from Nature --- PPSN VI},
	editor = {Schoenauer, M. and Deb, K. and Rudolph, G. and Yao, X. and
	Lutton, E. and Merelo Guerv\'{o}s, J. J. and Schwefel, H.-P.},
	series = {Lecture Notes in Computer Science},
	volume = {1917},
	address = {Paris, France},
	year = {2000},
	publisher = {Springer-Verlag},
	pages = {849--858},
}

@article{kn:Mors80,
	author = {Morse, J. N},
	title = {Reducing the size of the nondominated set: Pruning by
	clustering},
	journal = {Computers and Operations Research},
	volume = {7},
	number = {1--2},
	pages = {55--66},
	publisher = {Pergamon Press},
	address = {UK},
	year = {1980}
}

@article{kn:Ros85,
	author = {Rosenman, M. A. and Gero, J. S.},
	title = {Reducing the {P}areto optimal set in multicriteria 
	optimization},
	journal = {Engineering Optimization},
	volume = {8},
	number = {3},
	pages = {189--206},
	year = {1985},
}

@article{kn:Buch2005,
	author = {B{\"{u}}che, D. and Schraudolph, N. and Koumoutsakos, P.},
	title = {Accelerating Evolutionary Algorithms With {G}aussian Process
	Fitness Function Models},
	journal = {IEEE Transactions on Systems, Man, and Cybernetics --- Part C:
	Applications and Reviews},
	volume = {35},
	number = {2},
	pages = {183--194},
	year = {2005},
}

@article{kn:Ekl2004,
	author = {Eklund, S. E.},
	title = {A massively parallel architecture for distributed genetic
	algorithms},
	journal = {Parallel Computing},
	volume = {30},
	number = {5--6},
	pages = {647--676},
	year = {2004},
}
	
@article{kn:Papad1998,
	author = {Papadrakakis, M. and
	Lagaros, N. D. and
	Tsompanakis, Y.},
	title = {Structural optimization using evolution strategies and neural
	networks},
	journal = {Computer Methods in Applied Mechanics and Engineering},
	volume = {156},
	pages = {309--333},
	number = {1--4},
	year = {1998},
}

@article{kn:Bull1999,
	author = {Bull, L.},
	title = {On Model-Based Evolutionary Computation},
	journal = {Soft Computing --- A Fusion of Foundations, Methodologies and
	Applications},
	volume = {3},
	number = {2},
	pages = {76--82},
	year = {1999},
	publisher = {Springer},
}

@article{kn:Lag2005,
	author = {Lagaros, N. D. and
	Charmpis, D. C. and
	Papadrakakis, M.},
	title = {An adaptive neural network strategy for improving the
	computational performance of evolutionary structural optimization},
	journal = {Computer Methods in Applied Mechanics and Engineering},
	volume = {194},
	number = {30--33},
	pages = {3374--3393},
	year = {2005},
}

@article{kn:Brank2005,
	author = {Branke, J. and Schmidt, C.},
	title = {Faster convergence by means of fitness estimation},
	journal = {Soft Computing --- A Fusion of Foundations, Methodologies and
	Applications},
	volume = {9},
	number = {1},
	pages = {13--20},
	year = {2005},
	publisher = {Springer},
}


@inproceedings{kn:Sef2000,
	author = {Sefrioui, M. and
	P\'{e}riaux, J.},
	title = {A hierarchical genetic algorithm using multiple models for
	optimization},
	booktitle = {6\textsuperscript{th} International
	Conference on Parallel Problem Solving from Nature -- PPSN VI},
	editor = {Schoenauer, M. and Deb, K. and Rudolph, G. and Yao, X. and
	Lutton, E. and Guerv\'{o}s, J. J. M. and Schwefel, H.-P.},
	series = {Lecture Notes in Computer Science},
	volume = {1917},
	address = {Paris, France},
	year = {2000},
	publisher = {Springer},
	pages = {879--888},
}

@article{kn:Can1998,
	author = {Cant\'u-Paz, E.},
	title = {A Survey of Parallel Genetic Algorithms},
	journal = {Calculateurs Parall\`elles, R\'esaux et Syst\`emes R\'epartis},
	volume = {10},
	number = {2},
	pages = {141--171},
	year = {1998},
}

@article{kn:Can1999,
	author = {Cant\'u-Paz, E. and
	Goldberg, D. E.},
	title = {On the Scalability of Parallel Genetic Algorithms},
	journal = {Evolutionary Computation},
	volume = {7},
	number = {4},
	pages = {429--449},
	year = {1999},
}

@incollection{kn:Tom1999,
	author = {Tomassini, M.},
	title = {Parallel and Distributed Evolutionary Algorithms: A review},
	booktitle = {Evolutionary Algorithms in Engineering and 
	Computer Science --- Recent Advances in Genetic Algorithms, 
	Evolution Strategies, Evolutionary Programming, Genetic Programming and
	Industrial Applications},
	editor = {Miettinen, K. and M{\"a}kel{\"a}, M. M. and Neittaanm{\"a}ki, P.
	and P\'{e}riaux, J.},
	pages = {113--133},
	address = {Chichester, UK},
	publisher = {John Wiley \& Sons},
	year = {1999},
}

@article{kn:Alb2000,
	author = {Alba, E. and
	Troya, J. M.},
	title = {Influence of the Migration Policy in Parallel Distributed {GA}s
	with Structured and Panmictic Populations},
	journal = {Applied Intelligence},
	volume = {12},
	number = {3},
	pages = {163--181},
	year = {2000},
}

@article{kn:Alb2002a,
	author = {Alba, E. and
	Troya, J. M.},
	title = {Improving flexibility and efficiency by adding parallelism to
	genetic algorithms},
	journal = {Statistics and Computing},
	volume = {12},
	number = {2},
	pages = {91--114},
	year = {2002},
}

@article{kn:Alb2002b,
	author = {Alba, E. and
	Tomassini, M.},
	title = {Parallelism and evolutionary algorithms},
	journal = {IEEE Transactions on Evolutionary Computation},
	volume = {6},
	number = {5},
	pages = {443--462},
	year = {2002},
}

@inproceedings{kn:Beld1995,
	author = {Belding, T. C.},
	title = {The Distributed Genetic Algorithm Revisited},
	booktitle = {6th International Conference on Genetic Algorithms},
	editor = {Eshelman, L. J.},
	pages = {114--121},
	address = {San Francisco, CA, USA},
	publisher = {Morgan Kaufmann Publishers},
	year = {1995},
}

@inproceedings{kn:Coh1987,
	author = {Cohoon, J. P. and
	Hegde, S. U. and
	Martin, W. N. and
	Richards, D. S.},
	title = {Punctuated Equilibria: A Parallel Genetic Algorithm},
	booktitle = {2nd International Conference on Genetic Algorithms},
	editor = {Grefenstette, J. J.},
	pages = {148--154},
	address = {Cambridge, MA, USA},
	publisher = {Lawrence Erlbaum Associates},
	year = {1987},
}

@inproceedings{kn:Rud1990,
	author = {Rudolph, G.},
	title = {Global Optimization by means of Distributed Evolution
	Strategies},
	booktitle = {1st Workshop on Parallel Problem Solving from 
			Nature --- PPSN I},
	series = {Lecture Notes in Computer Science},
	volume = {496},
	pages = {209--213},
	address = {Dortmund, Germany},
	publisher = {Springer-Verlag},
	year = {1990},
}

@inproceedings{kn:Muhl1989,
	author = {M{\"{u}}hlenbein, H.},
	title = {Parallel Genetic Algorithms, Population Genetics and
	Combinatorial Optimization},
	booktitle = {3rd International Conference on Genetic Algorithms},
	editor = {Schaffer, J. D.},
	pages = {416--421},
	address = {San Francisco, CA, USA},
	publisher = {Morgan Kaufmann Publishers},
	year = {1989},
}

@article{kn:Muhl1991,
	author = {M{\"{u}}hlenbein, H. and
	Schomisch, M. and
	Born, J.},
	title = {The parallel genetic algorithm as function optimizer},
	journal = {Parallel Computing},
	volume = {17},
	number = {6--7},
	pages = {619--632},
	year = {1991},
}

@inproceedings{kn:Gor1989,
	author = {Gorges-Schleuter, M.},
	title = {{ASPARAGOS} an asynchronous parallel genetic optimization
	strategy},
	booktitle = {3rd International Conference on Genetic Algorithms},
	editor = {Schaffer, J. D.},
	pages = {422--427},
	address = {San Francisco, CA, USA},
	publisher = {Morgan Kaufmann Publishers},
	year = {1989},
}

@inproceedings{kn:Mand1989,
	author = {Manderick, B. and
	Spiessens, P.},
	title = {Fine-Grained Parallel Genetic Algorithms},
	booktitle = {3rd International Conference on Genetic Algorithms},
	editor = {Schaffer, J. D.},
	pages = {428--433},
	address = {San Francisco, CA, USA},
	publisher = {Morgan Kaufmann Publishers},
	year = {1989},
}

@book{kn:Box1987,
	author = {Box, G. E. and
	Draper, N. R.},
	title = {Empirical model-building and response surfaces},
	series = {Probability and Mathematical Statistics},
	address = {New York, USA},
	publisher = {John Wiley \& Sons},
	year = {1987},
}

@book{kn:Hock1996,
	author = {Hocking, R. R.},
	title = {Methods and Applications of Linear Models ---
	Regression and the Analysis of Variance},
	series = {Probability and Statistics},
	address = {Toronto, Canada},
	publisher = {John Wiley \& Sons},
	year = {1996},
}

@book{kn:Mont2005,
	author = {Montgomery, D. C.},
	title = {Design and Analysis of Experiments},
	edition = {6th},
	address = {New York, USA},
	publisher = {John Wiley \& Sons},
	year = {2005},
}

@book{kn:LAPACK1999,
	editor = {Anderson, E. and
	Bai, Z. and
	Bischof, C. and
	Blackford, S. and
	Demmel, J. and
	Dongarra, J. and
	Du Croz, J. and
	Greenbaum, A. and
	Hammarling, S. and
	McKenney, A. and
	Sorensen, D.},
	title = {LAPACK Users' Guide},
	edition = {3rd},
	publisher = {Society for Industrial and Applied Mathematics},
	address = {Philadelphia, USA},
	year = {1999},
	url = {http://www.netlib.org/lapack/lug/index.html}
}

@book{kn:Stew1998,
	author = {Stewart, G. W.},
	title = {Basic Decompositions},
	series = {Matrix Algorithms},
	volume = {1},
	publisher = {Society for Industrial and Applied Mathematics},
	address = {Philadelphia, USA},
	year = {1998},
}	


