@misc{vLe72, 
    author = "van Leer, B.",
    title = "Towards the ultimate conservative difference Scheme \mbox{I}: The
	     quest of monotonicity",
    howpublished = "Lecture Notes in Physics, Vol. 18, 163, 1972",
    kwds = ""
}


@misc{kn:BoGuVa1992,
    author = "Boser, B. and Guyon, I. and Vapnik, V.N.",
    title = "A training algorithm for optimal margin classifiers",
    howpublished = "Fifth Annual Workshop on Computational Learning Theory,
                    pp. 144-152. San Mateo, CA: Morgan Kaufmann",
    kwds = ""
}

@misc{kn:Mercer1909,
    author = "Mercer, J.",
    title = "Functions of positive and negative type, and their connection
	    with the theory of integral equations",
    howpublished = "Transactions of the London Philosophical Society(A),
    		    vol. 209, pp.415-446",
    kwds = ""
}

@article{kn:Pap2007,
	author = "Papadimitriou, D.I. and Giannakoglou, K.C.",
	title = "A continuous adjoint method with objective function 
		 derivatives based on boundary integrals for inviscid
		 and viscous flows",
	journal = "Journal of Computers and Fluids",
	volume = "36",
	number = "2",
	pages = "325--341",
	year = "2007"
}

@article{kn:MuDu04,
	author = "Muyl, F. and Dumas, L. and Herbert, V.",
	title = "Hybrid method for aerodynamic shape optimization in 
		 automotive industry",
	journal = "Journal of Computers and Fluids",
	volume = "33",
	number = "5-6",
	pages = "849--858",
	year = "2004"
}


@article{kn:YiuLiu04,
 author = {Yiu, K.F.C. and Liu, Y. and Teo, K.L.},
 title = {A Hybrid Descent Method for Global Optimization},
 journal = {J. of Global Optimization},
 volume = {28},
 number = {2},
 year = {2004},
 issn = {0925-5001},
 pages = {229--238},
 doi = {http://dx.doi.org/10.1023/B:JOGO.0000015313.93974.b0},
 publisher = {Kluwer Academic Publishers},
 address = {Hingham, MA, USA}
  }

@article{kn:LeeLee04,
 author = {Lee, Y.H. and Lee, M.H.},
 title = { Shape-based block layout approach to facility layout problems
	   using hybrid genetic algorithm},
 journal = {Computers and Industrial Engineering},
 volume = {42},
 number = {2},
 year = {2002},
 pages = {237--248},
 publisher = {Elsevier Science}
 }


@article{kn:Polo00,
 author = {Poloni, C. and Giurgevich, A. and Onesti, L. and Pediroda, V.},
 title = { Hybridization of a multiobjective
	   genetic algorithm, a neural network and a classical optimizer for
	    a complex design problem in fluid dynamics},
 journal = {Computer Methods in Applied Mechanics and Engineering},
 volume = {186},
 number = {2},
 year = {2000},
 pages = {403--420},
 }

@article{kn:NikLam04,
 author = {Lambropoulos, N.K. and Koubogiannis, D.G. and Giannakoglou, K.C.},
 title = {Acceleration of a \mbox{Navier-Stokes} Equation Solver for Unstructured Grids using Agglomeration Multigrid and Parallel Processing},
 journal = {Computer Methods in Applied Mechanics and Engineering},
 volume = {193},
 year = {2004},
 pages = {781--803},
 }

@book{kn:Noced99, 
    author = {Nocedal, J. and Wright, S.J.},
    title = {Numerical Optimization}, 
    edition = {},
    publisher = {Springer-Verlag},
    address = {},
    year = {1999},
    kwds = {}
}

@book{kn:NURBS, 
    author = {Piegl, L.A. and Tiller, W.},
    title = {The \mbox{NURBS Book}}, 
    edition = "2",
    publisher = {Monographs in Visual Communication. Springer-Verlag,
     Germany},
    address = {},
    year = {1997},
    kwds = {}
}

@article{kn:Alonso07,
 author = {Alonso, J.M. and Alvarruiz, F. and Desantes, J.M. and 
 Hernndez, L. and Hernndez, V. and Molt, G.},
 title = {  Combining Neural Networks and Genetic Algorithms to Predict and Reduce Diesel Engine Emissions},
 journal = {IEEE Transactions on Evolutionary Computation},
 volume = {11},
 number = {1},
 year = {2007},
 pages = {46--55},
 }

@article{kn:Benedetti06,
 author = {Benedetti, A. and Farina, M. and Gobbi, M.},
 title = {   Evolutionary multiobjective industrial design: the case of a racing car tire-suspension system},
 journal = { IEEE Transactions on Evolutionary Computation},
 volume = {10},
 number = {3},
 year = {2006},
 pages = {230--244},
 }

@article{kn:AsCaPa04,
 author = {Ascia, G. and Catania, V. and Palesi, M.},
 title = { A GA-based design space exploration framework for parameterized system-on-a-chip platforms},
 journal = {IEEE Transactions on Evolutionary Computation},
 volume = {8},
 number = {4},
 year = {2004},
 pages = {329--346},
 }

@article{kn:AlBaDu03,
 author = {Alpaydin, G. and Balki, S. and Dundar, G.},
 title = {  An evolutionary approach to automatic synthesis of high-performance analog integrated circuits},
 journal = {IEEE Transactions on Evolutionary Computation},
 volume = {7},
 number = {3},
 year = {2003},
 pages = {240--252},
 }

@article{kn:LimOng06,
	
 author = {Lim, D. and Yew-S. Ong, Y.-S.  and Jin, Y.
 and Sendhoff, B. and Lee, B.-S.},
 title = {Efficient Hierarchical Parallel Genetic Algorithms using Grid computing},
 journal = {Future Gener. Comput. Syst.},
 volume = {23},
 number = {4},
 year = {2007},
 issn = {0167-739X},
 pages = {658--670},
 doi = {http://dx.doi.org/10.1016/j.future.2006.10.008},
 publisher = {Elsevier Science Publishers B. V.},
 address = {Amsterdam, The Netherlands, The Netherlands},
 }

@misc{kn:NowPoli99,
  author = "Nowostawski, M. and Poli, R.",
  title = "Parallel Genetic Algorithm Taxonomy",
  howpublished = "Proc.
    of the 3rd International Conference on Knowledge-based Intelligent Information Engineering Systems KES'99, pages 88-92. Aug. 1999.",
  year = "1999"}

@article{kn:Paz98,
  author = "Cantu-Paz, E.",
  title = "A Survey of Parallel Genetic Algorithms",
  journal = {Calculateurs Paralleles, Reseaux et Systemes Repartis},
  volume = {10},
  number = {2},
  pages = {141--171},
  year = "1998"}


@article{kn:Alba02a,
  author = "Alba, E. and Tomassini, M.",
  title = "Parallelism and Evolutionary Algorithms",
  journal = {IEEE Transactions on Evolutionary Computation},
  volume = {6},
  number = {5},
  year = "2002"}

  
@inproceedings{rasheed:02,
  author = "K. Rasheed and S. Vattam and X. Ni",
  title = "Comparison of methods for developing dynamic reduced models
	  for design optimization",
  booktitle = "2002 Congress on Evolutionary   Computation -- {CEC} 2002", 
  pages = "390--395",
  year = "2002"
}

@misc{knowles:phd,
  author = "J. Knowles",
  title = "Local-search and hybrid evolutionary algorithms for 
  		{P}areto optimization",
  howpublished = "PhD thesis, Department of Computer Science, 
	  	  University of Reading, UK",
  year = "2002"}


@inproceedings{coello05,
  author = "Reyes-Sierra, M. and Coello, C.A.C",
  title = "A study of fitness inheritance and approximation techniques 
	   for multi-objective particle swarm optimization",
  booktitle = "2005 Congress on Evolutionary Computation -- {CEC} 2005.",
  volume = {1},
  pages = {65--72},
  year = "2005"}
  

@inproceedings{desideri03,
  author = "J.A. D\'esid\'eri and A. Janka",
  title = "Hierarchical parameterization for multilevel evolutionary shape optimization
    with application to aerodynamics",
  booktitle = "International Congress on Evolutionary Methods for Design, Optimization
    and Control with Applications to Industrial Problems --- {EUROGEN} 2003",
  editor = "Bugeda, G. and D\'esid\'eri, J.A. and Periaux, J. and Schoenauer, M. and Winter, G.",
  year = "2003"
}
  

@inproceedings{ knowles00mpaes_x41,
    author = "Knowles, J. and Corne, D.",
    title = "{M}-{PAES}: {A} memetic algorithm for multiobjective optimization",
    booktitle = "2000 Congress on Evolutionary Computation -- {CEC} 2000",
    publisher = "IEEE Press",
    isbn = "0-7803-6375-2",
    pages = "325--332",
    year = "2000"
}

@article{jasz_x24,
	author = "Jaszkiewicz, Andrzej ",
	title = "Genetic local search for multi-objective 
		 combinatorial optimization",
	journal = "European Journal of Operational Research",
	volume = "137",
	number = "1",
	pages = "50--71",
	year = "2002"
}

@inproceedings{IshibuchiM96_x40,
  author    = {Hisao Ishibuchi and
               Tadahiko Murata},
  title     = {Multi-Objective Genetic Local Search Algorithm},
  booktitle = {International Conference on Evolutionary Computation},
  year      = {1996},
  pages     = {119-124}
}


@article{ishi_x23,
	author = "Ishibuchi, H. and Yoshida, T. and Murata, T.",
	title = "Balance between genetic search and local search 
		 in memetic algorithms for multiobjective permutation 
		 flowshop scheduling",
	journal = {IEEE Transactions on Evolutionary Computation},
	volume = "7",
	number = "2",
	pages = "204--223",
	year = "2003"
}

@article{ishi98,
	author = "Ishibuchi, H. and Murata, T.",
	title = "A multi-objective genetic local search algorithm 
		  and its application to flowshop scheduling",
	journal = "IEEE Transactions on Systems, Man and Cybernetics, Part C",
	volume = "28",
	number = "3",
	pages = "392--403",
	year = "1998"
}


@article{kn:Kamp06,
	author = {Giannakoglou, K. and
	Papadimitrou, A.  and
	Kampolis, I. },
	title = {Aerodynamic shape design using evolutionary algorithms 
		 and new gradient-assisted metamodels},
	journal = {Computer Methods in Applied Mechanics and Engineering},
	volume = {195},
	number = "44-47",
	pages = {6312--6329},
	year = {2006},
}

@inproceedings{kamp07cec,
    author = "Kampolis, I.C. and Zymaris, A.S. and Asouti, V.G. and 
	      Giannakoglou, K.C.",
    title = {Multilevel optimization strategies based on metamodel--assisted 
	     evolutionary algorithms, for computationally expensive problems},
    booktitle = "2007 Congress on Evolutionary Computation -- {CEC} 2007",
    publisher = "IEEE Press",
    isbn = "978-1-4244-1340-9",
    pages = "4116--4123",
    year = "2007"
}

@article{kamp08ml,
  author = "Kampolis, I.C. and Giannakoglou, K.C.",
  title = "A Multilevel approach to single- and multiobjective aerodynamic optimization",
  journal = "Computer Methods in Applied Mechanics and Engineering",
  volume = {197},
  number ="33-40",
  pages= {2963--2975},
  year = "2008"
}

@article{Keane,
        author = {M. H. Eres and G. E. Pound and Z. Jiao and J. L. Wason and F. Xu and A. J. Keane and S. J. Cox},
	title = {Implementation and utilisation of a grid-enabled problem solving environment in {MATLAB}},
	journal = {Computer Methods in Applied Mechanics and Engineering},
	volume = {21},
	number = "6",
	pages = {920--929},
	year = {2005},
}

@article{1225182, 
        author = {D. Lim and Y. Ong and Y. Jin and B. Sendhoff and B. Lee},
        title  = {Efficient hierarchical parallel genetic algorithms using grid
  computing.},
        journal = {Future Gener. Comput. Syst.},
        volume  = {23},
	number  = {4},
	pages = {658--670},
	year = {2007},
}

@article{condor-practice, 
        author = {D. Thain and T. Tannenbaum and M. Livny},
        title  = {Distributed computing in practice: the {C}ondor experience.},
        journal = {Concurrency - Practice and Experience},
        volume  = {17},
	number  = {2-4},
	pages = {323--356},
	year = {2005},
}

@article{kn:gt4, 
        author = {I. Foster},
        title  = {Globus toolkit version 4: Software for service-oriented systems.},
        journal = {LNCS},
	pages = {2--13},
	year = {2006},
}

@article{gridway, 
        author = {R.S. Montero and E. Huedo and I.M. Llorente},
        title  = {A framework for adaptive execution on grids.},
        journal = {Journal of Software - Practice and Experience},
        volume  = {34},
	pages = {631--651},
	year = {2004},
}



@article{Peraire, 
        author = {J. Peraire and K. Morgan and J. Peir\`{o}},
        title  = {Unstructured Finite Element Mesh Generation and Adaptive Procedures for {CFD}.},
        journal = {Applications of Mesh Generation to Complex 3D Configurations, AGARD Conference Proceedings},
        volume  = {464},
	pages = {18.1--18.12},
	year = {1990},
}


@article{Morgan, 
        author = { K. Morgan and J. Peraire and J. Peir\`{o}},
        title  = {Unstructured grid methods for compressible flows.},
        journal = {AGARD Report},
        volume  = 787},
	pages = {5.1--5.39},
	year = {1992},
}

@article{Lohner, 
        author = {R. L\"{o}hner},
        title  = {Extensions and improvements of the advancing front grid generation technique.},
        journal = {Communications in Numerical Methods in Engineering},
        volume  = {12},
	pages = {683--702},
	year = {1996},
}

@incollection{KCGVKI04b,
    author = "Giannakoglou, K.C. and Papadimitriou, D.I. and Kampolis, I.C.",
    title = "Coupling evolutionary algorithms, surrogate models and adjoint methods in inverse design and optimization problems",
    booktitle = "von Karman Institute Lectures Series on Numerical Optimization Methods \& Tools for  Multi-criteria, Multi-Disciplinary Design with  applications to Aeronautics and Turbomachinery, November 2004",
    month = "November",
    year = "2004",
    address = "Rhodes--Saint Gen\'ese, Belgium",
    series = "Lecture Series",
    publisher = "von Karman Institute",
    kwds = ""
}

@incollection{KCGVKI08a,
    author = "Giannakoglou, K.C. and Kampolis, I.C. and Georgopoulou, C.A.",
    title = "Metamodel-assisted evolutionary algorithms (\mbox{MAEAs})",
    booktitle = "Introduction to Optimization and Multidisciplinary Design in Aeronautics and Turbomachinery",
    month = "June",
    year = "2008",
    address = "Rhodes--Saint Gen\'ese, Belgium",
    series = "Lecture Series",
    publisher = "von Karman Institute",
    kwds = ""
}

@incollection{KCGVKI08b,
    author = "Giannakoglou, K.C. and Papadimitriou, D.I. and Kampolis, I.C.",
    title = "Hybridized adjoint methods - evolutionary algoriths \& applications to turbomachinery",
    booktitle = "Introduction to Optimization and Multidisciplinary Design in Aeronautics and Turbomachinery",
    month = "June",
    year = "2008",
    series = "Lecture Series",
    publisher = "von Karman Institute",
    address = "Rhodes--Saint Gen\'ese, Belgium",
    kwds = ""
}

@article{corvap95,
  author    = {Cortes, C. and
               Vapnik, V.},
  title     = {Support-Vector Networks},
  journal   = {Machine Learning},
  volume    = {20},
  number    = {3},
  year      = {1995},
  pages     = {273-297}
}

@misc{EASY,
	howpublished = {The \mbox{EASY} software, \mbox{http://velos0.ltt.mech.ntua.gr/EASY}.}
}

@InProceedings{zbt2007a,
author={Zitzler, E. and Brockhoff, D. and Thiele, L.},
title={The hypervolume indicator revisited: {O}n the design of {P}areto-compliant indicators via weighted integration},
booktitle={Conference on Evolutionary Multi-Criterion Optimization -- {EMO} 2007},
year={2007},
editor={Obayashi, S. and et al.},
volume={4403},
series={LNCS},
pages={862--876},
address={Berlin},
publisher={Springer}
}

@article{fgcs08,
  author    = {Liakopoulos, P.I.K. and Kampolis, I.C. and Giannakoglou, K.C.},
  title     = {Grid enabled, hierarchical distributed metamodel-assisted 
	       evolutionary algorithms for aerodynamic shape optimization },
  journal   = {Future Generation Computer Systems},
  volume    = {24},
  number    = {7},
  year      = {2008},
  pages     = {701-708}
}

@article{aes:schmidt05,
  author    = {Schmidt, H. and Thierauf, G.},
  title     = {A combined heuristic optimization technique},
  journal   = {Advances in Engineering Software},
  volume    = {36},
  number    = {1},
  year      = {2005},
  pages     = {11-19}
}

@misc{aes:rossi08,
  author    = {Rossi, A. and Boschi, E.},
  title     = {A hybrid heuristic to solve the parallel machines job-shop scheduling problem},
  howpublished = {Advances in Engineering Software, In Press, Corrected Proof, 2008}
}

@article{oms:alba07,
  author    = {Alba, E. and Luque, G. and Coello, C. and Luna, E.H.},
  title     = {Comparative study of serial and parallel heuristics used to design combinational logic circuits},
  journal   = {Optimization Methods and Software},
  volume    = {22},
  number    = {3},
  year      = {2007},
  pages     = {485-509}
}

@article{acs:zmuda03,
  author    = {Zmuda, M.A. and Rizki, M.M. and Tamburino, L.A.},
  title     = {Hybrid evolutionary learning for synthesizing multi-class pattern recognition systems},
  journal   = {Applied Soft Computing},
  volume    = {2},
  number    = {4},
  year      = {2003},
  pages     = {269-282}
}

@article{acs:papa05,
  author    = {Papageorgiou, E.I. and Groumps, P.P.},
  title     = {A new hybrid method using evolutionary algorithms to train fuzzy 	       cognitive maps},
  journal   = {Applied Soft Computing},
  volume    = {5},
  number    = {4},
  year      = {2005},
  pages     = {409-431}
}

@techreport{duv:2006,
	author  = {Duvigneau, R. and Chaigne, B. and Desideri, J.A.},
	title   = {Multi-level parameterization for shape optimization in aerodynamics and electromagnetics using a particle swarm optimization algorithm},
	institution = {INRIA},
	number = {RR-6003},
	year  = {2006},
}

@techreport{sug:2005,
	author  = {Suganthan, P.N. and Hansen, N. and Liang, J.J. and Deb, K. and Chen, Y.P. and Auger, A.  and Tiwari, S.},
	title   = {Problem definitions and evaluation criteria for the {CEC} 2005 special session on real-parameter optimization},
	institution = {Nanyang Technological University},
	number = {2005005},
	year  = {2005},
}

@inproceedings{aug:cma05,
	
	author = {Auger, A.  and Hansen, N. },
	booktitle = {2005 Congress on Evolutionary Computation -- {CEC} 2005},
	pages = {1769--1776},
	title = {A restart CMA evolution strategy with increasing population size},
	volume = {2},
	year = {2005}
}


@article{deb:nsga2,
	title={A fast and elitist multiobjective genetic algorithm: NSGA-II},
	author={Deb, K. and Pratap, A. and Agarwal, S. and Meyarivan, T.},
	journal={IEEE Transactions on Evolutionary Computation},
	year={2002},
	volume={6},
	number={2},
	pages={182-197},
}


@article{herr:00,
    author = {Herrera, F. and Lozano, M.},
    title = {Gradual distributed real-coded genetic algorithms},
    journal = {IEEE Transactions on Evolutionary Computation},
    year = {2000},
    volume = {4},
    number = {1},
    pages = {43--63}
}

@inproceedings{langpol05,
    author = {Langdo, W.B and Poli, R.},
    title = {Evolving problems to learn about particle swarm and other optimisers},
    booktitle = {2005 Congress on Evolutionary Computation -- {CEC} 2005},
    year = {2005},
    pages = {81--88},
    publisher = {IEEE Press}
}

@article{lim08:mmodels, 
        author = {Lim, D. and Jin, Y. and Ong, Y.S. and Sendhoff, B.},
        title  = {Generalizing surrogate-assisted evolutionary computation},
        journal = {IEEE Transactions on Evolutionary Computation, in press},
        volume  = {},
	number  = {},
	pages = {},
	year = {2008}
}

@article{zhou07,
	author = {Zhou, Z.   and Ong, Y.S.  and Nair, P.B.  and Keane, A.J.  and Lum, K.Y. },
	booktitle = {IEEE Transactions on Systems, Man, and Cybernetics, Part C: Applications and Reviews},
	journal = {IEEE Transactions on Systems, Man, and Cybernetics, Part C: Applications and Reviews},
	number = {1},
	pages = {66--76},
	title = {Combining global and local surrogate models to accelerate evolutionary optimization},
	volume = {37},
	year = {2007}
}

@book{kn:coe02, 
    author = {Coello Coello, C.A. and Van Veldhuizen, D.A. and Lamont. G.B.},
    title = {Evolutionary algorithms for solving multi-objective problems}, 
    publisher = {Kluwer Academic Publishers},
    year = {2002}
}

@book{kn:deb01, 
    author = {Deb, K.},
    title = {Multi-objective optimization using evolutionary algorithms}, 
    publisher = {John Wiley \& Sons},
    year = {2001}
}

@misc{kn:Darwin,
	author = "\eng{Darwin, C.}",
	title = "\eng{On the origin of species by means of natural selection}",
	howpublished = "\eng{Murray, London, 1859}",
	kwds = ""
}

@article{vleer:muscl,
	author = {van Leer, B.},
	title = {Towards the ultimate conservative difference 
		 scheme, \mbox{V}. {A} second order sequel 
		 to \mbox{G}odunov's method},
	journal = {Computational Physics},
	volume ={32},
	year = {1979},
	pages = {101--136}
}

@misc{fogel:66,
	author = {Fogel, L.J. and Owens, A.J. and Walsh, M.J.},
	title = {Artificial Intelligence Through Simulated Evolution},
	howpublished= {John Wiley \& Sons, New York, 1966}
}

@misc{rech65,
	author = {Rechenberg, I.},
	title = {Cybernetic solution path of an experimental problem},
	howpublished= {Royal Aircraft Establishment, Library Translation No. 1122, Farnborough, UK, 1965}
}

@misc{kn:Koz92,
	author = "Koza, J.",
	title  = "Genetic Programming: On the Programming of Computers by means of Natural Selection",
	howpublished = "MIT Press, 1992",
	kwds = ""
}

@misc{kn:Koz94,
	author = "Koza, J.",
	title  = "Genetic Programming II: Automatic Discovery of Reusable Programms",
	howpublished = "MIT Press, 1994",
	kwds = ""
}

@InProceedings{cramer:85,
  author =       "Cramer, N.L.",
  title =        "A representation for the Adaptive Generation of Simple
                 Sequential Programs",
  year =         "1985",
  booktitle =    "International Conference on Genetic Algorithms and the 
	  	  Applications",
  editor =       "Grefenstette, J.J.",
  pages =        "183--187",

}

@inproceedings{dejong99,
  author = "De Jong, K.",
  title = "Evolutionary computation: Recent developments and open issues",
  booktitle = "Evolutionary Algorithms in Engineering and Computer Science - Recent Advances in Genetic Algorithms, Evolution Strategies, Evolutionary Programming, Genetic Programming and Industrial Applications",
  editor ="Miettinen, K. and Makela, M.M. and Neittaanmaki, P. and Periaux, J.",
  pages = "43--54",
  publisher = "John Wiley \& Sons",
  year = "1999"
}

@misc{pareto:1896,
	author = "Pareto, V.",
	title = "Cours d' \'{e}conomie politique",
	howpublished = "vol 1 \& 2, Rouge, Lausanne, 1896-1897"
}

@inproceedings{horn:94,
	author = {Horn, J.  and Nafpliotis, N.  and Goldberg, D. E. },
	booktitle = {First IEEE Conference on Evolutionary Computation, 1994},
	journal = {First IEEE Conference on Evolutionary Computation, 1994. IEEE World Congress on Computational Intelligence},
	pages = {82--87 vol.1},
	volume = {1},
	title = {A niched {P}areto genetic algorithm for multiobjective optimization},
	year = {1994}
}

	

@book{coello:07, 
    author = {Coello Coello, C.A. and Lamont, G.B. and Van Veldhuizen, D.A.},
    title = {Evolutionary Algorithms for Solving Multi-Objective Problems}, 
    edition = {},
    publisher = {Springer},
    address = {},
    year = {2007},
    kwds = {}
}

@inproceedings{knowles:99,
	author = {Knowles, J. and Corne, D.  },
	booktitle = {1999 Congress on Evolutionary Computation -- {CEC} 1999},
	editor = {Angeline, P.J.  and Michalewicz, Z.   and Schoenauer, M.   and Yao, X.   and Zalzala, A.},
	pages = {98--105},
	publisher = {IEEE Press},
	title = {The {P}areto archived evolution strategy: {A} new baseline algorithm for {P}areto multiobjective optimisation},
	volume = {1},
	year = {1999}
}

@INPROCEEDINGS{corne:00,
    author = {Corne, D. and Knowles, J. and Oates, M.},
    title = {The {P}areto envelope-based selection algorithm for multiobjective optimization},
    booktitle = {Parallel Problem Solving from Nature VI Conference -- PPSN VI},
    year = {2000},
    pages = {839--848},
    publisher = {Springer}
}

@article{griepak:93,
	author = "Grierson, D.E. and Pak, W.H.",
	title = "Optimal sizing, geometrical and topological design using a genetic algorithm",
	journal = "Structural and Multidisciplinary Optimization",
	volume = "6",
	number = "3",
	pages = "151--159",
	year = "2003"
}


@inproceedings{ku:97,
  author = "Ku, K.W.C and  Mak, M.W.",
  title = "Exploring the effects of {L}amarckian and {B}aldwinian learning in
	   evolving recurrent neural networks",
  booktitle = "1997 Conference on Evolutionary Computation -- {CEC} 1997",
  pages = {617--621},
  year = "1997"}


@incollection{hara:09,
  author = {Giannakoglou, K.C. and Georgopoulou, C.A.},
  title =    {Multiobjective Metamodel-Assisted Memetic Algorithms},
  booktitle =  {Multiobjective Memetic Algorithms, Studies in Computational Intelligence},
  editor =   {Goh, C.-K. and Ong, Y.-S. and Tan, K.C.},
  publisher = {Springer},
  year =  {2009},
}

@TechReport{TT00,
  author =   {Torczon, V. and Trosset, M.W.},
  title =    {Direct Search Methods: Then and Now},
  institution =  {ICASE},
  year =     {2000},
  number =   {NASA/CR-2000-210125, ICASE Report No. 2000-26},
  address =      {Hampton, VA},
}

@inproceedings{DT97,
    author = {Dennis, J.E.  and Torczon, V.},
    title = {Managing approximation models in optimization},
    booktitle = {Multidisciplinary Design Optimization: State-of-the-Art},
    year = {1997},
    pages = {330--347}
}

@incollection{plat:smo,
	author = {Platt, J. },
	booktitle = {Advances in Kernel Methods - Support Vector Learning},
	editor = {Schoelkopf, B.  and Burges, C.  and Smola, A. },
	publisher = {MIT Press},
	title = {Sequential minimal optimization: A fast algorithm for 
		training support vector machines},
	year = {1998}
}



@article{kn:Mic86,
	author = "Micchelli, C.A.",
	title = "Interpolation of scattered data: Distance Matrices and conditionally positive definite functions",
	journal = "Constructive Approximation",
	volume = "2",
	number = "1",
	pages = "11--22",
	year = "1986"
}

@inproceedings{barb:06,
 author = {Barbar\'{a}, D. and Domeniconi, C. and Rogers, J.P.},
 title = {Detecting outliers using transduction and statistical testing},
 booktitle = {12th ACM SIGKDD International 
	      Conference on Knowledge discovery and data mining -- KDD 2006},
 year = {2006},
 pages = {55--64},
 publisher = {ACM},
 address = {New York, NY, USA},
 }


@INPROCEEDINGS{ramas:00,
    author = {Ramaswamy, S. and Rastogi, R. and Shim, K.},
    title = {Efficient algorithms for mining outliers from large data sets},
    booktitle = {International Conference on Management of Data},
    year = {2000},
    pages = {427--438}
}

@book{barnett:94, 
    author = {Barnett, V. and Lewis, T.},
    title = {Outliers in statistical data}, 
    edition = {},
    publisher = {Willey},
    address = {},
    year = {1994},
    kwds = {}
}

@article{mich96,
    author = {Michalewicz, Z. and Schoenauer, M.},
    title = {Evolutionary algorithms for constrained parameter optimization 
	     problems},
    journal = {Evolutionary Computation},
    year = {1996},
    volume = {4},
    pages = {1--32}
}

@article{coello02,
  author = "Coello Coello, C.A.",
  title = "Theoretical and Numerical Constraint Handling Techniques used with
	   Evolutionary Algorithms: A Survey of the State of the Art",
  journal = "Computer Methods in Applied Mechanics and Engineering",
  volume ="191",
  number="11-12",
  year = "2002",
  pages = "1245-1287"
}

@article{Deb00,
    author = {Deb, K.},
    title = {An Efficient Constraint Handling Method for Genetic Algorithms},
    journal = {Computer Methods in Applied Mechanics and Engineering},
    volume ={186},
    number = {2-4},
    year = {2000},
    pages = {311--338}
}


@inproceedings{mich94,
  author = "Michalewizc, Z. and Attia, N.",
  title = "Evolutionary Optimization of Constrained Problems",
  booktitle = "3rd Annual Conference on Evolutionary Programming",
  publisher = "World Scientific Publishing",
  pages = {98--109},
  year = "1994"
}


@inproceedings{morales98,
  author = "Morales, A.K. and Quezada, C.V.",
  title = "A universal eclectic genetic algorithm for constrained
  	   optimization",
  booktitle = "6th European Congress on Intelligent Techniques \& Soft Computing, EUFIT'98.",
  publisher = "Verlag Mainz",
  pages = {518--522},
  year = "1998"
}

@inproceedings{surry95,
    author = {Surry, P.D. and Radcliffe, N.J. and Boyd, I.D.},
    title = {A multi-objective approach to constrained optimisation of gas 
	     supply networks : {T}he {COMOGA} Method},
    booktitle = {Evolutionary Computing. AISB Workshop. Selected Papers, Lecture Notes in Computer Science},
    year = {1995},
    pages = {166--180},
    publisher = {Springer-Verlag}
}

@article{surry97,
    author = {Surry, P.D. and Radcliffe, N.J.},
    title = {The {COMOGA} method: {C}onstrained optimisation by multiobjective genetic algorithms},
    journal = {Control and Cybernetics},
    year = {1997},
    volume = {26},
    pages = {391--412}
}

@inproceedings{powell93,
 author = {Powell, D. and Skolnick, M.M.},
 title = {Using Genetic Algorithms in Engineering Design Optimization with Non-Linear Constraints},
 booktitle = {5th International Conference on Genetic Algorithms},
 year = {1993},
 pages = {424--431},
 publisher = {Morgan Kaufmann Publishers Inc.}
 }

@incollection{schonlau98b,
  author = {Schonlau, M. and Welch, W. and Jones, D.},
  title =    {Global Versus Local Search in Constrained Optimization of Computer Models},
  booktitle =  {New Developments and Applications in Experimental Design},
  editor =   {Flournoy, N. and Rosenberger, W.F.  and Wong, W.K.},
  publisher = {Institute of Mathematical Statistics, Hayward, California},
  year =  {1998},
  volume = "34",
  pages = "11--25"
}


@book{Miett:99, 
    author = {Miettinen, K.},
    title = {Nonlinear multiobjective optimization}, 
    edition = {},
    publisher = {Kluwer Academic Publishers},
    address = {Boston},
    year = {1999},
    kwds = {}
}


@article{ong:gaann,
 author = {Ong, Y.S. and Lum, K.Y. and Nair, P.B.},
 title = {Hybrid evolutionary algorithm with Hermite radial basis function interpolants for computationally expensive adjoint solvers},
 journal = {Computational Optimization and Applications},
 volume = {39},
 number = {1},
 year = {2008},
 pages = {97--119},
 publisher = {Kluwer Academic Publishers},
 address = {Norwell, MA, USA},
 }

@article{valbada:82,
 author = {van Albada, G.D. and van Leer, B. and Roberts, W.W.},
  title = {A comparative study of computational methods in cosmic gas dynamics},
 journal = {Astronomu and Astrophysics},
 volume = {108},
 year = {1982},
 pages = {76--84}
 }


@inproceedings{politis98a,
    author = {Politis, E.S. and Giannakoglou, K.C. and Papailiou, K.D.},
    title = {High--speed flow in an annular cascade with tip clearance:
    	     Numerical Investigation},
    booktitle = {ASME Gas Turbine \& Aeroengine Congress and Exhibition},
    address = {Stockholm, Sweden},
    note = {\mbox{ASME Paper 98-GT-247}},
    year = {1998},
}

@inproceedings{politis98a,
    author = {Politis, E.S. and Giannakoglou, K.C. and Papailiou, K.D.},
    title = {High--speed flow in an annular cascade with tip clearance:
    	     Numerical Investigation},
    booktitle = {ASME Gas Turbine \& Aeroengine Congress and Exhibition},
    address = {Stockholm, Sweden},
    note = {\mbox{ASME Paper 98-GT-247}},
    year = {1998}
}

@inproceedings{politis00a,
    author = {Kiousis, P. and Politis, E.S. and Mathioudakis, K. and Papailiou, K.D.},
    title = {Computation of an annular compressor cascade with tip--clearance},
    editor = {Periaux, J. and Joly, P. and Pironneau, O. and Onate, E.},
    booktitle = {Innovative tools for scientific computation in aerospace -- {EURODAYS} 2000},
    pages = {124--138},
    publisher = {CIMNE},
    address = {Barcelona, Spain},
    year = {2000}
}

@inproceedings{mathiou97,
    author = {Mathioudakis, K. and Papailiou, K.D. and Neris, N. and Bonhommet, C. and Albrand, G. and Wenger, U.},
    title = {An annular Cascade Facility for Studying Tip Clearance Effects in High Speed Flows},
    booktitle = {XIII ISABE},
    address = {Chattanooga, Tennessee, USA},
    year = {1997}
}


@inproceedings{kn:Willmes2003,
title={Comparing neural networks and Kriging for fitness approximation in evolutionary optimization},
author={Willmes, L. and Back, T. and Jin, Y. and Sendhoff, B.},
booktitle={2003 Congress on Evolutionary Computation -- {CEC} 2003},
volume={1},
number={},
year={2003},
pages={663-670}
}

@inproceedings{smith:95,
 author = {Smith, R.E. and Dike, B.A. and Stegmann, S.A.},
 title = {Fitness inheritance in genetic algorithms},
 booktitle = {1995 ACM Symposium on Applied Computing -- SAC 1995},
 year = {1995},
 pages = {345--350},
 publisher = {ACM},
 address = {New York, NY, USA}
 }

@article{duch:08,
 author = {Ducheyne, E. I. and De Baets, B. and De Wulf, R. R.},
 title = {Fitness inheritance in multiple objective evolutionary algorithms: A test bench and real-world evaluation},
 journal = {Appl. Soft Comput.},
 volume = {8},
 number = {1},
 year = {2008},
 pages = {337--349},
 publisher = {Elsevier Science Publishers B. V.}
 }

@inproceedings{duch:01,
  author = {Ducheyne, E. I. and De Baets, B. and De Wulf, R. R.},
  title =    {Is Fitness Inheritance Useful for Real-World Applications?},
  booktitle =  {Second International Conference on 
	  	Evolutionary Multi-Criterion Optimization},
  publisher = {Springer Berlin / Heidelberg},
  pages = {73--84},
  year =  {2003},
}

@inproceedings{chen03,
    author = {Chen, J.-H.  and Goldberg, D.E. and Sastry, K. and Ho, S.-Y.},
    title = {Fitness inheritance in multi-objective optimization},
    booktitle = {Conference of the Genetic and Evolutionary Computation -- {GECCO} 2002},
    pages = {319--326},
    publisher = {Morgan Kaufmann},
    year = {2002}
}


@misc{ganglia,
  author = "Matthew L. Massie and Brent N. Chun and David E. Culler",
  howpublished = "The {G}anglia distributed monitoring system: {D}esign, implementation and experience. Technical Report, University of California, Berkeley, February 2003."
}



@Article{kn:Kri66,
  author =   {Krige, D.G.},
  title =    { A study of gold and uranium distribution patterns in the {K}lerksdorp gold field},
  journal =      {Geoexploration},
  year =     {1966},
  volume =   {4},
  number =   {1},
  pages ={43-53}
}



@InBook{kn:Koe96,
  author =   {Koehler, J.R. and  Owen, A.B.},
  editor =   {Ghost, S. and Rao, C.R.},
  title =    {Handbook on Statistics},
  chapter =      {Computer Experiments},
  publisher =    {Elsevier-Science},
  year =     {1996},
  volume =   {13},
  pages =    {239--245}
}

@inproceedings{sastry01,
    author = {Sastry, K. and  Goldberg, D.E. and Pelikan, M.},
    title = {Don’t Evaluate, Inherit},
    booktitle = {Genetic and Evolutionary Computation Conference -- {GECCO} 2001},
    year = {2001},
    pages = {551--558},
    publisher = {Morgan Kaufmann}
}

@InProceedings{SE91,
  author =       "Schaffer, J.D.  and Eshelman, L.J.",
  title =        "On Crossover as an Evolutionary Viable Strategy",
  editor =       "Belew, R.K. and Booker, L.B.",
  booktitle =    "{4th International Conference on Genetic Algorithms}",
  pages =        "61-68",
  publisher =    "Morgan Kaufmann",
  year =         "1991",
}


@article{kamp09eng,
  author = "Kampolis, I.C. and Giannakoglou, K.C.",
  title = "Distributed Evolutionary Algorithms with Hierarchical Evaluation",
  journal = "Engineering Optimization",
  volume = {Accepted for publication},
  number ="",
  pages= {},
  year = "2009, to appear"
}


@INPROCEEDINGS{1353848,
	title={Parallel genetic algorithms ({PGAs}): {M}aster slave paradigm 
	       approach using MPI},
	author={ Ismail, M.A.},
	journal={E-Tech 2004},
	year={2004},
	month={July},
	volume={},
	number={},
	pages={ 83-87}
}

@TECHREPORT{digalakis:00,
    author = {Digalakis, J. and Margaritis, K.G.},
    title = {A Performance Comparison of Parallel Genetic and 
	    	Memetic Algorithms using MPI.},
    institution = {Distributed Processing Laboratory, University of Macedonia},
    year = {2000}
}


@inproceedings{drmaa,
	author = {Troger, P. and Rajic, H. and Haas, A. and Domagalski, P.},
	title = {Standardization of an {API} for distributed resource 
		 management systems},
 	booktitle = {CCGRID '07: Proceedings of the Seventh IEEE International 
		Symposium on Cluster Computing and the Grid},
	year = {2007},
	pages = {619--626},
	publisher = {IEEE Computer Society},
	address = {Washington, DC, USA}
}


@inproceedings{amdahl:67,
	author = {Amdahl, G.},
	booktitle = {AFIPS Conference Proceedings},
	pages = {483--485},
	title = {Validity of the Single Processor Approach to Achieving Large-Scale Computing Capabilities},
	year = {1967}
}


@misc{nvidia:cuda_manual,
	author = "NVIDIA",
	title = "\mbox{NVIDIA CUDA Compute Unified Device Architecture 
		Programming Guide}",
	year  = "2008"
}




@ARTICLE{Mark03cg:a,
	author = {Mark, W.R.  and Steven, R. and Kurt, G.  and 
                      Mark, A. and Kilgard, J.},
	title = {Cg: A system for programming graphics hardware in a {C}-like 
		 language},
	journal = {ACM Transactions on Graphics},
	year = {2003},
	volume = {22},
	pages = {896--907}
}

@ARTICLE{Buck04brookfor,
	author = {Buck, I. and Foley, T. and Horn, D. and Sugerman, J. and 
			Fatahalian, K. and Houston, M. and Hanrahan, O.},
	title = {Brook for {GPU}s: {S}tream computing on graphics hardware},
	journal = {ACM Transactions on Graphics},
	year = {2004},
	volume = {23},
	pages = {777--786}
}

@inproceedings{sequoia,
	author = {Fatahalian, K. and Horn, D.R. and Knight, T.J. and Leem, L. and 
                   Houston, M. and Park, J.Y. and Erez, M. and Ren, M. and 
                   Aiken, A. and Dally, W.J. and Hanrahan, P.},
	title = {Sequoia: {P}rogramming the memory hierarchy},
	booktitle = {SC '06: Proceedings of the 2006 ACM/IEEE 
                      conference on Supercomputing},
	year = {2006},
	isbn = {0-7695-2700-0},
	pages = {83},
	publisher = {ACM},
	address = {New York, NY, USA},
}

@misc{amd:ctm,
	author = "AMD",
	title = "\mbox{AMD ATI} {C}lose {T}o the {M}etal ({CTM}) guide",
	howpublished = "\url{http://ati.amd.com/companyinfo/researcher/documents/ATI_CTM_Guide.pdf}",
	year  = "2008",
	kwds  = ""
}

@misc{nvidia:cuda,
	author = "NVIDIA",
	title = "\mbox{NVIDIA CUDA} Homepage",
	howpublished = "\url{http://www.nvidia.com/object/cuda_home.html}",
	year  = "2008",
	kwds  = ""
}

@article{kn:Owens07,
	author = "Owens, J. D.  and Luebke, D.  and Govindaraju, N.  and 
		  Harris, M. and Kruger, J. and Lefohn, A.E. and Purcell, T.J.",
	title = "A survey of general-purpose computation on graphics hardware",
	journal = "Computer Graphics forum",
	volume  = "26",
	number  = "1",
	year  = "2007",
	pages  = "80-113"
}

@article{kn:Bolz03,
	author = "Bolz, J. and Farmer, I. and Grinspun, E. and Schroder, P.",
	title = "Sparse matrix solvers on the {GPU}: {C}onjugate gradients and 
		multigrid",
	journal = "ACM Transactions on Graphics",
	volume = "22",
	number = "3",
	year = "2003",
	pages = "917-924"
}

@article{kn:Good03,
	author = "Goodnight, N. and Woolley, C. and Lewin, G. and Luebke, D. and
		 Humphreys, G. ",
	title = "A multigrid solver for boundary value problems using 
		programmable graphics hardware",
	journal = "Graphics Hardware",
	volume = "",
	number = "",
	year = "2003",
	pages = "102-11"
}

@article{kn:Krug03,
	author = "Kruger, J. and Westermann, R.",
	title = "Linear algebra operators for {GPU} implementation of numerical 
		algorithms ",
	journal = "ACM Transactions on Graphics",
	volume = "22",
	number = "3",
	year = "2003",
	pages = "908-916"
}

@inbook{kn:Harr04,
	author = "Harris, M. J.",
	title = "Fast fluid dynamics simulation on the {GPU}. {GPU} {G}ems",
	chapter="38",
	pages = "637-665",
	year = "2004",
}

@inbook{kn:Crane07,
	author = "Crane, K. and Llamas, I. and Tariq, S.",
	title = "Real-time simulation and rendering of {3D} fluids. 
	{GPU} {G}ems 3",
	chapter = "30",
	pages = "",
	year = "2007",
}

@article{kn:Hagen06,
	author = "Hagen, T. R. and Lie, K. A. and Natvig, J. R. ",
	title = "Solving the {E}uler equations on graphics processing units",
	journal = "Computational Science - ICCS",
	volume = "3994",
	number = "",
	year = "2006",
	pages = "220-227"
}

@article{kn:Bran07,
	author = "Brandvik, T. and Pullan, G.",
	title = " Acceleration of a two-dimensional {E}uler flow solver using 
		commodity graphics hardware",
	journal = "Proceedings of the Institution of Mechanical Engineers, 
		Pt C: Journal of Mechanical Engineering Science",
	volume = "221",
	number = "12",
	year  = "2007",
	pages = "1745-1748"
}

@misc{kn:Bran08,
	author = "Brandvik, T. and Pullan, G.",
	title = "Acceleration of a {3D} {E}uler solver using commodity graphics hardware",
	howpublished = "46th AIAA Aerospace Sciences Meeting and Exhibit",
	month = "January",
	year  = "2008",
	kwds  = "Reno, Nevada, Usa"
}


@article{kn:Elsen08,
	author = "Elsen, E. and LeGresley, P. and Darve, E.",
	title = "Large calculation of the flow over a hypersonic vehicle using a {GPU}",
	journal = "Journal of Computational Physics",
	volume = "227",
      	number = "",
	year = "2008",
	pages = "10148-10161"
}

@article{kn:Godd08,
	author = "Goddeke, D. and Strzodka, R. and Mohd-Yusof, J. and 
		  McCormick, P. and Wobker, H. and Becker, C. and Turek, S.",
	title = "Using {GPU}s to improve multigrid solver performance on a 
		  cluster",
	journal = "International Journal of Computational Science and Engineering (IJCSE)",
	volume = "4",
	number = "1",
	year = "2008",
	pages = "36-55"
}

@misc{Had10, 
    author = "Hadamard, J.",
    title = "Lecon sure le Calcul des Variation",
    howpublished = "Gauthier-Villards, 1910.",
    kwds = ""
}

@techreport{stanitz53,
	author  = {Stanitz, J.D.},
	title = {Design of two-dimensional channels with prescribed velocity 
		 distributions along the channel walls},
	institution = {NACA},
	number = {1115},
	year  = {1953}
}

@misc{pap69, 
    author = "Papailiou, K.D.",
    title ="Optimization d’ Aubage de Compresseur \'a Forte Charge sur la 
	    Base des Th\'eories de Couches Limites",
    howpublished = "Th\'ese de Doctorat en Sciences Appliqu\'ees,
    		    University de Li\'ege, 1969",
    kwds = ""
}

@misc{pap70, 
    author = "Papailiou, K.D. and Nurzia, F. and Satta, A.",
    title ="The Inclusion of Surface Curvature Effects in the Calculation
	    of the Turbulent Boundary Layer with Integral Methods",
    howpublished = "Internal Note 37, VKI, 1970.",
    kwds = ""
}

@incollection{pap81,
  author = {Papailiou, K.D.},
  title =    {Le {F}oll’s method and the calculation of attached and separated 
	      two-dimensional boundary layers},
  booktitle =  {Separated Flows in Turbomachinery Components},
  volume =	{2},
  publisher = {von Karman Institute},
  year = {1981},
  address = {Rhodes--Saint Gen\'ese, Belgium},
}

@article{chav:95,
	author = "Chaviaropoulos, P. and Dedoussis, V. and Papailiou, K.D.",
	title = " On the {3D} inverse potential target pressure problem. 
		  {P}art 1. {T}heoretical aspects and method formulation",
	journal = "Journal of Fluid Mechanics",
	volume = "282",
	pages = "131-146",
	year = "1995"
}


@article{ded:95,
	author = "Dedoussis, V. and Chaviaropoulos, P. and Papailiou, K.D.",
	title = " On the {3D} inverse potential target pressure problem. 
		  {P}art 2. {N}umerical aspects and application to duct design",
	journal = "Journal of Fluid Mechanics",
	volume = "282",
	pages = "147-162",
	year = "1995"
}

@article{piron:74,
	author = "Pironneau, O.",
	title = " On optimum design in fluid dynamics",
	journal = "Journal of Fluid Mechanics",
	volume = "64",
	number = "1",
	pages = "97-110",
	year = "1974"
}

@book{piron:84, 
	author = "Pironneau, O.",
	title = {Optimal shape design for elliptic systems}, 
    	edition = {},
    	publisher = {Springer-Verlag},
    	address = {New York},
    	year = {1984},
   	kwds = {}
}

@article{anderson:99,
	author = "Anderson, W.K. and Bonhaus, D.L.",
	title = "Aerodynamic design on unstructured grids for turbulent
		 flows",
	journal = "AIAA Journal",
	volume = "37",
	number = "2",
	pages = "185-191",
	year = "1999"
}

@article{LTT_2_034,
	author = "Asouti, V.G. and Zymaris, A.S. and Papadimitriou, D.I. and Giannakoglou, K.C.",
	title = "Continuous and discrete adjoint approaches for aerodynamic shape optimization with low {Mach} number preconditioning",
	journal = "International Journal for Numerical Methods in Fluids",
	volume = "57",
    number = "10",
	year = "2008",
	pages = "1485-1504"
}

@article{LTT_2_035,
	author = " Papadimitriou, D.I. and Giannakoglou, K.C.",
	title = "Computation of the {H}essian matrix in aerodynamic inverse design using continuous adjoint formulations",
	journal = "Computers \& Fluids",
	volume = "37",
    number = "",
	year = "2008",
	pages = "1029-1039"
}

@incollection{per:95,
	author = {P\'eriaux, J. and Sefrioui, M. and Stoufflet, B. and 
		  Mantel, B. and Laporte, E.},
  	title = {Robust genetic algorithms for optimization problems
		 in aerodynamic design},
  	booktitle =  {Genetic Algorithms in Engineering and Computer Science},
	pages = {371--369},
  	publisher = {John Wiley \& Sons},
  	year =  {1995}
}


@inproceedings{dennis:99,
    	author = "Dennis, B.H. and Dulikravich, G. and Han Z--X.",
	title = "Constrained shape optimization of airfoil cascades using
		a {N}avier--{S}tokes solver and a genetic/{SQP} algorithm",
  	booktitle = "ASME IGTI' 99", 
    	note = {\mbox{ASME Paper 98-GT-441}},
	address = "Indianapolis",
  	year = "2002"
}


@misc{kn:MaDu99,
    author = "Martin, T. and Dulikravich, G. and Han Z--X.
	and Dennis, B.H.",
    title = "Minimization of Coolant Mass Flow Rate in
	Internally Cooled Gas Turbine Blades",
    howpublished = "ASME Paper 99-GT-146, 1999",
    kwds = ""
}

@article{zym:08,
	author ="Zymaris, A.S. and Papadimitriou, D.I. 
		 and Giannakoglou, K.C. and Othmer, C.",
	title = "Continuous adjoint approach to the {S}palart-{A}llmaras 
		 turbulence model for incompressible flows",
	journal = "Computers \& Fluids",
	volume = "to appear",
	year = "In Press"
}

@article{LTT_2_026,
	author = "Kampolis, I.C. and Papadimitriou, D.I. and Giannakoglou, K.C.",
	title = "Evolutionary optimization using a new radial basis function network and the adjoint formulation",
	journal = "Inverse Problems in Science and Engineering",
	volume = "14",
    number = "4",
	year = "2006",
	pages = "397-410"
}

@article{LTT_2_028,
	author = "Giannakoglou, K.C. and Papadimitriou, D.I. and Kampolis, I.C.",
	title = "Aerodynamic shape design using evolutionary algorithms and new gradient-assisted metamodels",
	journal = "Computer Methods in Applied Mechanics and Engineering",
	volume = "195",
    number = "",
	year = "2006",
	pages = "6312-6329"
}

@inproceedings{kamp04ipdo,
    author = "Kampolis, I.C. and Papadimitriou, K.D. and Giannakoglou, K.C.",
    title = {Evolutionary Optimization using a new Radial Basis Function 
	     Network and the Adjoint Formulation},
    booktitle = "IPDO International Conference",
    address = "Rio de Janeiro, Brazil",
    year = "2004"
}

@inproceedings{kamp04ath,
    author = "Papadimitriou, K.D. and Kampolis, I.C. and Giannakoglou, K.C.",
    title = {Stochastic and Deterministic Optimization in Turbomachinery
    	     Applications based on the Adjoint Formulation},
    booktitle = "\mbox{ERCOFTAC} Design Optimization International Conference",
    address = "Athens, Greece",
    year = "2004"
}

@inproceedings{kcg:parcfd07,
    author = "Giannakoglou, K.C. and Kampolis, I.C. and Liakopoulos, P.I.K. 
	      and Karakasis, M.K. and Papadimitriou, D.I. and
	      Asouti, V.G. and Zervogiannism T.",
    title = {Aerodynamic Shape Optimization Methods on Multiprocessor 
	    Platforms},
    booktitle = "\mbox{PARCFD2007}",
    address = "Antalya, Turkey",
    year = "2007"
}

@inproceedings{icfd08:kamp,
    author = "Kampolis, I.C.",
    title = {Multilevel Optimization Techniques in the Design of 
	     Aerodynamic Shapes},
    booktitle = "The 5th International Conference on Fluid Dynamics",
    address = "Sendai, Japan",
    year = "2008"
}

@incollection{lefoll,
  author = {Le Foll, J..},
  title =    {A Theory of Representation of the Properties of Boundary-Layers 
	     on a Plane},
  booktitle =  {Seminar on Advanced Problems in Turbomachinery},
  publisher = {von Karman Institute},
  year = {1965},
  address = {Rhodes--Saint Gen\'ese, Belgium}
}

@inproceedings{stafylo:01,
  author = "Frossyniotis, D.S. and Stafylopatis, A.",
  title = "A multi--{SVM} classification system",
  booktitle = "Multiple Classifier Systems", 
  pages = "198--207",
  year = "2001"
}

@techreport{smola:svmreg,
	author  = {Smola, A. and Sch\"olkopf, B.},
	title = {A Tutorial on Support Vector Regression},
	institution = {Royal Holloway College, University of London, UK.},
	number = {NC-TR-98-030},
	year  = {1998}
}

@article{stafylo:05,
  author    = {Frossyniotis, D.S. and
               Pateritsas, C. and
               Stafylopatis, A.},
  title     = {A multi-clustering fusion scheme for data partitioning},
  journal   = {International Journal of Neural Systems},
  volume    = {15},
  number    = {5},
  year      = {2005},
  pages     = {391-401}
}


@techreport{wu:52,
	author  = {Wu, C.H.},
	title = {A general theory of three dimensional flow in subsonic and
		 supersonic turbomachines of axial, radial and mixed flow
		 type},
	institution = {NACA},
	number = {TN 2604},
	year  = {1952}
}


@article{anagno:07a,
  author    = {Anagnostopoulos, J.S. and Papantonis, D.E.},
  title     = {Optimal sizing of a run-of-river small hydro-power plant},
  journal   = {Energy Conversion \& Management},
  volume    = {48},
  year      = {2007},
  pages     = {2663--2670}
}

@article{anagno:08,
  author    = {Anagnostopoulos, J.S. and Papantonis, D.E.},
  title     = {Simulation and size optimization of  pumped -storage power 
	       plant for the recovery of wind-farms rejected energy},
  journal   = {Renewable Energy},
  volume    = {33},
  year      = {2008},
  pages     = {1685--1694}
}

@phdthesis{phd:assia,
  author = "Assia, H.",
  title  = "Optimisation d' une turbine de type Kaplan",
  school = "Institut National Polytechnique de Grenoble, France",
  year   = "2006"
}

@phdthesis{phd:ferrando,
  author = "Ferrando, L.",
  title  = "Optimum design procedure for hydraulic turbines",
  school = "Ecole Polytechnique F\'ed\'erale de Lauzanne (EPFL), Switzerland",
  year   = "2005"
}

@phdthesis{phd:saario,
  author = "Saario, A.",
  title  = "Mathematical modeling and multiobjective optimization in 
	    development of low--emission industrial boilers",
  school = "Institute of Energy and Process Engineering, Tampere University 
	     of Technology, Finland",
  year   = "2006"
}


@incollection{flower,
    author = "Raddatz, J. and Fassbender, J.K.",
    title = "Block structured {N}avier--{S}tokes solver {FLOW}er",
    booktitle = "{MEGAFLOW} -- {N}umerical flow simulation for aircraft
	    	 design",
    year = "2005",
    publisher = "Springer",
    pages = "27-44",
    kwds = ""
}

@inproceedings{andreadis09,
  author = "Andreadis, P. and Chryssakis, C. and Kaiktsis, L.",
  title = "Optimization of Injection Characteristics in a Large Marine 
	   Diesel Engine Using Evolutionary Algorithms",
  booktitle = "SAE World Congress \& Exhibition", 
  year = "2009"
}

@inproceedings{xenidou05:gracm,
  author = "Xenidou, T.C. and Boudouvis, A.G. and Markatos, N.C.",
  title = "The use of computer--aided analysis in the design of {CVD}
  	   reactors for the growth of tin oxide films",
  booktitle = "5th GRACM International Congress on Computational Mechanics", 
  year = "2005"
}

@inproceedings{anagno:05corfu,
  author = "Anagnostopoulos, J.S. and Mathioulakis, D.S.",
  title = "Numerical simulation an hydrodynamic design optimization of
	   a {T}esla--type valve for micropumps",
  booktitle = "3rd IASME/WSEAS International Conference on Fluid Dynamics
	       \& Aerodynamics", 
  year = "2005"
}

@inproceedings{saario:05,
  author = "Saario, A. and Oksanen, A. and M{\"a}kiranta, R. and Ylitalo, M.",
  title = "Optimization of selective non--catalytic reduction process using
	   computational fluid dynamics and genetic algorithms",
  booktitle = "Swedish--Finnish Flame Days", 
  year = "2005"
}

@inproceedings{grigoropoulos:04,
  author = "Grigoropoulos, G. and Chalkias, D. and Tikkos, C.",
  title = "Multi-Objective Hull Form Optimization of High-Speed Vessels",
  booktitle = "HIPER 2004", 
  year = "2004"
}

@inproceedings{xenidou05:pev,
  author = "Xenidou, T.C. and Boudouvis, A.G. and Markatos, N.C.",
  title ="An efficient methodology for integrated computer-aided
	  design of {CVD} reactors: An application in tungsten/carbon
	  codeposition",
  booktitle = "Electrochemical Society, {PEV}2005--09", 
  pages ="144--151",
  year = "2005"
}

